2337 3043
972 201 1179 253 <aaa

191 313 385 360 Longitudo
409 315 507 349 rostri
534 324 610 347 cum
634 314 712 347 tarsi
738 310 947 357 longitudine
973 317 1160 358 comparata
1182 321 1232 346 Ζ
1250 312 1295 346 25
1317 331 1362 338 —
1383 313 1424 346 31
1450 323 1457 345 :
1478 313 1524 346 20
1547 331 1594 338 -
1614 313 1671 346 22.
1722 311 1834 348 Uncus
1859 317 1959 349 rostri

192 374 327 420 apicalis
352 371 435 407 facie
467 371 589 406 dorsali
621 383 803 413 convexuS,
840 382 937 416 supra
971 371 1194 406 mandibulam
1224 371 1405 416 appositam
1436 370 1524 405 hami
1555 372 1634 405 satis
1663 371 1832 408 rotundati
1858 371 1962 408 forma

198 433 272 478 plus
295 433 444 466 minusve
478 429 608 465 fortiter
639 432 836 477 prominens.
886 429 1086 464 Lamellulae
1112 430 1260 464 maxillae
1287 435 1320 463 et
1345 429 1552 464 mandibulae
1579 441 1645 465 non
1675 430 1854 466 admodum
1879 442 1963 467 con-

190 489 303 533 sertae,
329 489 522 525 mediocres.
567 490 772 524 Mandibulae
806 489 987 523 lamellulae
1013 495 1139 530 rectae,
1170 481 1383 530 uniseriatae,
1414 490 1448 522 in
1478 489 1581 523 lineae
1607 491 1712 535 spatio
1737 491 1770 524 in
1800 492 1961 526 anteriore

193 556 227 585 et
246 549 351 584 media
372 549 580 583 mandibulae
604 555 693 594 parte
711 549 816 590 binae,
842 549 875 582 in
896 549 1077 594 posteriore
1102 554 1224 582 ternae.
1262 547 1364 582 Nares
1389 559 1523 593 prorsus
1546 549 1669 582 calvae.
1709 548 1841 583 Ptilosis
1866 547 1961 585 fron-

191 609 265 644 talis
291 614 325 642 et
350 609 475 653 genalis
501 614 688 643 antrorsum
716 609 788 653 plus
813 609 961 642 minusve
989 619 1103 642 versus
1129 618 1224 640 nares
1255 607 1444 652 elongatae,
1471 608 1690 653 triangulares
1716 607 1768 642 vel
1794 608 1960 643 subtrian-

191 669 338 713 gul-ares,
365 669 484 713 quovis
508 669 607 702 latere
634 669 811 702 interstitio
830 667 1025 711 triangulari
1051 667 1188 711 insigni,
1208 666 1410 711 acutangulo
1436 666 1614 712 sejunctae.
1655 667 1786 701 Ptilosis
1812 665 1961 703 frontalis

192 732 283 773 parte
309 739 366 761 sua
393 727 498 761 media
524 732 676 771 angusta,
703 728 900 767 acutissima,
927 726 1119 770 triangulari
1146 726 1180 758 in
1204 727 1302 760 rostri
1328 725 1464 759 dorsum
1482 725 1577 759 valde
1598 726 1751 771 elongata
1775 731 1809 760 et
1827 727 1960 761 naribus

192 787 265 832 plus
290 788 438 820 minusve
464 787 697 832 approximate.
735 780 882 820 ¹Ptilosis
908 785 1034 830 genalis
1060 785 1176 819 obtuse
1209 785 1261 818 vel
1292 790 1388 819 acute
1412 785 1639 830 triangulariS,
1666 785 1766 831 longe
1791 791 1865 820 ante
1893 788 1959 821 oris

187 847 346 891 angulum
373 847 561 891 conspicua.
612 845 744 890 Digitus
769 846 921 880 externus
947 846 1016 877 sine
1043 855 1153 889 ungue
1186 843 1296 878 medio
1323 844 1421 890 paulo
1454 844 1596 890 longior.

889 943 1066 977 Characler
1094 943 1263 975 natm-alis.

783 1009 884 1043 (Mares
903 1007 990 1035 adulti
1009 1007 1099 1045 ptilosi
1119 1007 1234 1045 nuptiali
1254 1007 1360 1041 induti.)

283 1080 436 1114 Rostrum
462 1078 597 1113 rubrum
625 1080 676 1113 vel
703 1079 887 1114 olivaceum
913 1080 1018 1124 capite
1045 1089 1158 1124 parum
1185 1078 1326 1112 brevius.
1359 1077 1455 1112 Oculi
1482 1079 1514 1112 in
1540 1089 1613 1112 area
1640 1089 1803 1124 pennacea
1829 1079 1955 1113 elevata

187 1138 275 1174 haud
300 1140 489 1184 conspicui,
516 1139 574 1173 sed
601 1139 651 1172 vel
678 1140 710 1172 in
736 1151 808 1172 area
835 1140 952 1184 capitis
978 1137 1067 1172 haud
1093 1137 1258 1179 distincta,
1284 1143 1354 1171 atra
1381 1139 1450 1179 siti,
1484 1137 1536 1171 vel
1562 1138 1689 1172 circulo
1714 1137 1803 1172 haud
1828 1138 1956 1173 elevato

186 1204 271 1240 atro,
297 1196 378 1232 infra
404 1204 493 1232 arcte
520 1197 746 1236 circumdati..
777 1198 860 1233 Gula
893 1199 990 1232 maris
1021 1197 1126 1231 adulti
1157 1198 1266 1242 ptilosi
1294 1195 1438 1242 perfecta
1470 1196 1576 1231 induti
1609 1197 1737 1230 macula
1765 1198 1954 1243 triangulari

185 1259 310 1304 postice
348 1257 470 1291 bicruri
509 1263 578 1291 atra
610 1258 780 1291 instructa.
832 1258 962 1292 Ptilosis
993 1255 1146 1291 frontalis
1177 1262 1268 1302 parte
1297 1257 1460 1291 anteriore
1488 1256 1539 1290 vel
1571 1261 1641 1291 tota
1668 1256 1720 1290 vel
1752 1258 1843 1302 apice
1873 1262 1954 1299 atra,

184 1317 311 1362 genalis
335 1316 408 1350 alba
427 1317 478 1350 vel
503 1316 622 1358 albida,
649 1318 761 1351 colore
787 1317 906 1362 pallide
929 1318 1109 1350 virescente
1130 1316 1282 1354 irrorata,
1301 1327 1397 1361 supra
1418 1327 1545 1361 semper
1564 1321 1636 1350 atro
1657 1316 1799 1350 limbata.
1839 1315 1956 1351 Pectus

180 1382 215 1410 et
235 1376 391 1422 jugulum
419 1377 470 1410 vel
496 1377 569 1410 alba
595 1382 627 1410 et
658 1374 957 1411 rufo-fuscescente
990 1377 1128 1411 irrorata
1156 1376 1207 1424 vel
1240 1375 1422 1421 subpallide
1456 1375 1507 1409 vel
1541 1375 1623 1409 laete
1654 1375 1832 1410 isabellina.
1885 1375 1955 1409 Ah-

183 1435 303 1470 domen
327 1441 454 1477 totum,
496 1447 555 1470 nec
583 1448 648 1470 non
675 1437 799 1470 alarum
825 1438 974 1481 superior
1000 1434 1118 1477 facies,
1156 1437 1299 1480 exceptis
1324 1435 1516 1469 tect1·icibus
1548 1435 1664 1469 mediis
1696 1441 1729 1468 et
1761 1435 1952 1476 minoribus,

181 1494 341 1537 candidis,
367 1501 446 1529 atra.
475 1496 575 1530 Pedes
602 1497 757 1538 olivacei,
786 1494 872 1530 ssavo
900 1507 1013 1541 parum
1041 1495 1167 1536 imbuti,
1195 1495 1247 1528 vel
1273 1495 1380 1536 rubri,
1405 1494 1604 1528 membranis
1631 1496 1801 1529 natatoriis
1825 1506 1954 1541 semper

178 1556 268 1589 atris.

229 1695 410 1741 Species:
451 1695 606 1742 Fieliqztla
633 1695 849 1742 (somam-ia)
876 1697 1066 1730 »iunctissima
1091 1702 1121 1730 et
1146 1695 1300 1741 cmliytcla
1327 1693 1539 1741 (Somateria)
1566 1695 1760 1741 spectabilis.

273 1794 541 1830 OnseavA‘rio:
579 1793 694 1836 Quoad
720 1791 900 1828 affinitates
927 1794 1127 1829 Somateriae
1156 1800 1268 1840 typum
1300 1795 1344 1827 ita
1370 1793 1569 1839 peculiarem
1594 1792 1763 1833 exhibent,
1797 1797 1834 1826 ut
1858 1793 1950 1825 simi—

179 1852 334 1887 litudines
366 1865 441 1888 clun
473 1856 545 1888 aliis
576 1854 803 1898 Fuligularum
837 1856 967 1899 generis
994 1854 1166 1900 speciebus
1196 1853 1285 1888 haud
1316 1851 1412 1886 facile
1444 1854 1477 1886 in
1503 1852 1619 1886 oculos
1645 1851 1802 1885 incidant.
1853 1851 1948 1892 Quod

176 1912 217 1946 ad
242 1914 339 1947 rostri
368 1909 510 1959 figuram
536 1915 655 1948 attinet
680 1915 756 1947 unci
788 1913 909 1947 hamati
943 1919 975 1947 et
1001 1915 1100 1959 partis
1132 1914 1251 1947 basalis
1283 1912 1377 1947 valde
1410 1913 1554 1946 elevatae
1586 1917 1737 1957 respectu
1768 1911 1948 1945 Anseribus

175 1969 291 2006 affines
315 1979 483 2018 apparent.
534 1973 665 2007 Ptilosis
697 1971 849 2007 frontalis
877 1973 972 2007 valde
1005 1974 1160 2018 elongata
1195 1973 1381 2018 Fuligulam
1415 1971 1655 2017 (Melanettam)
1695 1970 1946 2016 perspicillatam

174 2033 207 2065 in
232 2034 421 2066 memoriam
448 2038 595 2067 revocat.
648 2033 804 2066 Rostrum
830 2033 899 2066 basi
926 2032 1089 2067 tumidum
1116 2034 1237 2078 pariter
1262 2033 1452 2066 relationem
1486 2033 1570 2064 inter
1596 2030 1792 2063 Somaterias
1817 2034 1851 2062 et
1876 2029 1946 2062 Me-

175 2091 313 2125 lanettas
339 2093 435 2125 sistit.
486 2091 585 2126 Color
610 2093 726 2138 capitis
753 2093 907 2134 laterum,
935 2093 1013 2126 colli
1039 2098 1073 2126 et
1098 2094 1273 2126 tecti-icum
1298 2092 1422 2125 alarum
1447 2091 1557 2131 albus,
1584 2101 1644 2123 nec
1670 2100 1738 2123 non
1763 2088 1946 2122 abdominis

174 2150 515 2195 hypochondriorum‚
555 2153 646 2185 crissi
679 2157 712 2185 et
738 2154 888 2198 uropygii
916 2158 988 2186 ater
1013 2164 1088 2186 curn
1115 2151 1267 2196 Fuligula
1294 2150 1608 2196 §Caniptorhynchoi
1637 2147 1808 2183 labradora
1834 2145 1945 2182 affini-

172 2215 273 2243 tatem
299 2210 441 2255 praebet.
1806 2233 1833 2252 -κ

734 2309 947 2356 Subgenus
973 2311 1005 2344 2.
1054 2309 1288 2344 LAMPRONETTA
1313 2319 1383 2342 non.

866 2377 1044 2410 Clzartzcter
1065 2376 1248 2409 essentialis.

271 2442 425 2476 Rostrum
452 2453 566 2481 versus
590 2440 733 2477 frontem
765 2454 878 2489 parum
904 2445 1085 2485 elevatum,
1123 2445 1230 2477 antice
1264 2454 1377 2488 parum
1409 2441 1597 2482 dilatatum,
1636 2440 1791 2474 lateribus
1828 2451 1942 2486 parum

170 2512 408 2547 compressum,
435 2502 549 2546 capitis
575 2502 784 2548 longitudine
811 2514 925 2549 parum
950 2503 1093 2545 brevius,
1120 2514 1197 2541 ,cum
1217 2509 1305 2536 tarso
1325 2500 1435 2547 quoad
1455 2499 1699 2546 longitudinem
1718 2506 1940 2546 comparat1u11

169 2572 217 2595 z
237 2562 283 2595 26
305 2573 313 2594 ε
338 2562 396 2600 19,
424 2572 537 2595 versus
563 2563 689 2606 apicem
716 2573 812 2609 supra
840 2562 1048 2608 depressum;
1080 2568 1315 2608 paratonorum
1343 2562 1413 2608 ejus
1440 2558 1610 2595 inferiores
1636 2561 1801 2604 margines
1826 2571 1939 2606 parum

1712 2620 1734 2652 2
