2337 3043
1021 218 1227 270 <ἓ19ἓ>

332 334 519 379 Fuligulam
554 331 699 366 Fischeri
737 343 811 366 cum
852 330 1002 376 Fuligula
1039 330 1208 376 spectabili
1249 330 1432 363 accuratius
1465 331 1690 372 comparantes
1723 330 1756 358 et
1794 323 1993 368 singularum

237 397 418 442 specierum
443 391 672 443 similitudines
697 397 731 425 et
756 389 956 425 differentias
982 389 1235 435 perpendentes,
1261 389 1399 422 exclusis
1425 385 1669 421 diversitatibus
1694 384 1995 429 Lampronettarum

239 454 432 489 divisionem
460 452 748 498 componentibus,
780 462 862 496 quae
889 455 1069 496 sequuntur
1092 449 1268 483 relationes
1293 449 1431 493 proponi
1458 458 1552 492 posse
1581 444 1743 479 videntur.

334 513 566 559 Lampronetta
592 511 737 545 Fischeri
763 510 1005 556 magnitudine,
1044 510 1141 544 rostri
1167 509 1339 542 anterioris
1363 508 1463 553 partis
1488 503 1594 551 figura
1621 503 1781 549 generali,
1807 502 1994 547 praesertim

238 577 335 608 etiam
358 571 565 606 mandibulae
590 573 680 617 apice
707 569 791 604 infra
818 572 925 604 minus
951 580 1095 604 convexa
1120 569 1224 613 magis
1250 579 1325 601 cum
1350 566 1503 611 Fuligula
1527 564 1697 611 spectabili
1723 562 1892 602 convenit,
1924 570 1998 593 cer—

239 637 319 669 vicis
344 633 457 668 colore
483 632 594 674 viridi,
628 632 851 678 scapularibus
877 636 911 664 et
939 629 1119 675 remigibus
1144 628 1344 664 secundariis
1374 629 1509 661 internis
1536 626 1703 672 (deorsum
1728 621 1872 667 falcatis)
1904 620 1995 663 albis,

235 706 297 728 nec
335 705 401 728 non
439 694 537 727 rostri
575 698 608 726 et
639 691 759 737 pedum
796 692 908 726 colore
946 690 1146 725 olivascente
1179 694 1289 724 autem
1318 699 1394 722 cum
1427 686 1579 731 Fuligula
1616 685 1804 719 mollissima
1842 681 1997 727 majorem

236 751 430 788 affinitatem
456 752 598 798 praebet.
650 751 719 792 Qua
745 750 784 784 de
812 762 908 785 causa
933 752 1031 784 etiam
1056 749 1209 794 Fuligula
1229 748 1387 787 Fischeri,
1413 748 1437 780 si
1462 743 1640 780 affinitates
1658 743 1758 778 modo
1778 742 1891 776 allatas
1912 740 1998 774 solas

237 815 397 859 respicere
424 813 525 846 velles
551 813 635 845 inter
660 811 847 856 Fuligulam
872 810 1096 845 mollissimam
1122 815 1156 843 et
1179 808 1389 854 spectabilem
1417 805 1567 852 ponenda
1591 803 1718 838 fuisset.
1756 802 1871 836 Talem
1890 805 1998 834 autem

237 872 356 919 agendi
382 874 542 906 rationem
569 871 612 905 ob
637 876 751 904 natatu
778 870 1045 914 dignissimarum
1071 866 1327 903 differentiarum
1354 878 1449 912 supra
1480 866 1651 899 allatarum
1678 863 1890 909 praesentiam
1919 870 1998 893 zoo-

237 934 391 978 logorum
416 933 617 966 exactiorum
642 942 739 964 nemo
766 930 902 975 probare
927 934 1049 975 posset.

333 992 528 1026 Remotioris
554 990 676 1036 gradus
701 986 881 1023 affinitates
906 991 1026 1035 pariter
1049 989 1262 1034 respicientes
1288 988 1481 1028 invenimus,
1508 985 1666 1031 ptiloseos
1685 981 1837 1017 frontalis
1862 981 1999 1014 invicem

235 1051 461 1088 conssuxarum
499 1053 625 1086 ratione
662 1056 696 1084 et
732 1051 855 1096 speculi
891 1051 988 1084 alaris
1025 1049 1121 1083 nitidi
1158 1049 1304 1082 absentia
1340 1047 1527 1092 Fuligulam
1560 1044 1706 1080 Fischeri
1743 1042 1785 1077 ad
1815 1040 2001 1086 Fuligulam

237 1111 434 1159 (Hareldam)
465 1112 635 1157 glacialem
661 1109 905 1157 quodammodo
931 1109 1105 1148 accedere,
1130 1110 1279 1155 quamvis
1311 1109 1344 1141 in
1376 1107 1529 1151 Fuligula
1561 1104 1691 1151 glaciali
1722 1102 1850 1148 ptilosis
1875 1099 2001 1146 genalis

238 1178 271 1205 et
294 1171 445 1207 frontalis
467 1171 676 1205 brevissimae
702 1171 767 1204 sint
792 1175 825 1203 et
849 1181 867 1203 a
893 1169 1026 1203 naribus
1050 1170 1285 1203 remotissimae
1312 1167 1538 1202 observentur.
1582 1165 1691 1199 Rostri
1717 1160 1825 1208 figura
1850 1160 2002 1206 Fuligula

238 1232 383 1266 Fischeri
409 1229 580 1277 Fuligulae
606 1230 736 1276 glaciali
757 1231 877 1275 pariter
900 1228 1146 1275 quodammodo
1170 1229 1459 1274 appropinquatur.
1502 1225 1673 1270 Fuligulae
1694 1222 1842 1269 glacialis
1860 1226 2003 1256 rostrum

237 1298 347 1326 tamen
371 1293 439 1326 basi
460 1292 557 1325 latius
582 1296 615 1325 et
640 1291 737 1324 altius
763 1294 860 1335 atque
886 1290 977 1334 apice
998 1300 1095 1334 supra
1120 1290 1228 1322 minus
1252 1287 1441 1332 depressum
1461 1291 1495 1319 et
1518 1286 1645 1319 acutius
1671 1294 1821 1328 uncoque
1841 1280 2003 1315 terminali

236 1355 382 1387 acutiore
419 1353 588 1397 magisque
632 1350 818 1396 prominulo
857 1349 1094 1394 lamellulisque
1132 1348 1310 1382 rarioribus
1349 1348 1544 1380 instructum
1584 1344 1784 1379 observatur.
1847 1340 2000 1386 Fuligula

240 1410 570 1459 (Camptorhynchus)
602 1410 774 1444 labradora
807 1408 907 1451 facie,
941 1409 1019 1444 colli
1051 1409 1217 1454 superiore
1249 1412 1339 1453 parte
1370 1411 1404 1440 et
1439 1406 1564 1439 alarum
1594 1403 1785 1438 tectricibus
1815 1401 1896 1436 albis
1927 1411 2002 1434 cum

239 1472 473 1517 Lampronetta
499 1472 658 1504 minorem
685 1464 880 1503 affinitatem
906 1469 1050 1515 praebet.
1102 1468 1214 1502 Ptilosi
1239 1465 1373 1502 frontali
1400 1465 1553 1510 elongata
1577 1463 1717 1509 denique
1743 1461 1895 1506 Fuligula
1922 1460 2004 1504 (Me-

242 1532 363 1565 lanetta
394 1542 418 1565 s.
452 1529 620 1573 Oedemia)
654 1529 872 1575 perspicillata
911 1529 1084 1573 Fuligulae
1124 1526 1400 1573 (Lampronettae)
1433 1524 1578 1559 Fischeri
1615 1520 1858 1569 quodammodo
1897 1517 2005 1553 affinis

244 1593 416 1625 invenitur.

821 1688 1064 1719 TABIJLAE
1093 1685 1432 1717 EXPLICATIO.

1038 1761 1153 1804 Figura
1182 1762 1205 1790 Ι.

549 1829 702 1874 Fuligula
730 1826 990 1874 (Lampronetta)
1018 1826 1162 1860 Fischeri
1192 1824 1237 1873 'fs
1262 1824 1498 1871 magnitudinis
1525 1823 1691 1857 naturalis.
1728 1830 1730 1834 ’

1050 1907 1161 1950 Figura
1184 1907 1212 1937 2.

1160 1971 1186 1989 ¹„

610 1975 730 2021 Capitis
756 1975 827 2020 ejus
853 1976 1001 2019 superior
1027 1972 1128 2006 facies
1227 1970 1461 2016 magnitudinis
1487 1969 1654 2002 naturalis.

1188 2001 1201 2018 2

1048 2053 1161 2095 Figura
1189 2055 1214 2083 3.

643 2122 795 2155 Rostrum
822 2132 838 2153 a
866 2121 965 2153 latere
992 2121 1175 2164 inspectum
1207 2116 1433 2162 magnitudine
1460 2115 1609 2148 naturali.

1051 2198 1165 2242 Figura
1189 2200 1216 2228 4.

1821 2236 1840 2245 s

475 2268 620 2302 Maxillae
648 2270 693 2305 fa)
720 2273 753 2301 et
780 2266 984 2300 mandibulae
1015 2266 1059 2306 (bi
1086 2265 1221 2297 interior
1253 2261 1352 2296 facies
1379 2260 1602 2305 magnitudine
1630 2258 1779 2292 naturali.

892 2468 1311 2489 p—QQW
1315 2476 1369 2479 ‘—
