2410 3053
305 994 355 1055 N
357 1024 450 1054 otatu
481 1018 590 1065 dignis
619 1020 727 1053 avium
758 1018 944 1064 speciebus,
978 1019 1203 1053 recentissimo
1233 1023 1379 1063 tempore
1413 1016 1552 1051 detectis
1584 1017 1716 1057 merito,
1747 1020 1786 1050 ut
1815 1015 1894 1049 mihi
1926 1014 2064 1057 videtur,

305 1088 509 1124 adnumerari
546 1089 644 1123 debet
679 1089 975 1123 Lamellirostrium
1013 1087 1167 1122 Familiae
1204 1089 1328 1133 species
1363 1087 1534 1132 hucusque
1572 1087 1685 1131 ignota
1719 1087 1753 1119 in
1790 1084 1888 1119 Sinus
1925 1084 2064 1119 Nortoni

306 1158 560 1205 (Norton-Sund
584 1170 642 1193 seu
664 1156 881 1204 Nortongolf)
908 1158 1015 1191 insula
1043 1154 1188 1192 Steffens
1213 1158 1284 1191 aliis
1311 1156 1472 1202 Stephens
1497 1157 1606 1190 occisa
1631 1161 1664 1189 et
1688 1161 1763 1189 ante
1789 1155 1914 1201 aliquot
1938 1166 2065 1188 menses

305 1228 419 1263 Museo
446 1229 647 1264 Academico
673 1241 691 1263 a
718 1228 979 1263 Wosnesenskio
1004 1217 1204 1261 transmissa.

400 1301 474 1347 Ipsa
503 1302 589 1335 enim
618 1301 699 1335 haec
733 1301 857 1346 species
883 1297 956 1346 ,non
987 1299 1094 1333 solum
1126 1301 1253 1333 narium
1284 1300 1458 1352 aperturis!
1475 1298 1611 1331 maxima
1644 1309 1681 1331 ex
1706 1301 1796 1342 parte
1828 1297 1943 1342 pennis
1969 1306 2066 1341 supra

303 1370 404 1405 dense
436 1371 577 1406 obtectis
608 1382 627 1404 a
658 1376 735 1416 typo
766 1370 910 1416 generali
941 1370 1235 1404 Lamellirostrium
1266 1369 1332 1404 huc
1363 1381 1465 1415 usque
1496 1369 1623 1403 narium
1654 1369 1764 1402 valvas
1794 1367 1903 1401 calvas
1937 1371 2065 1400 tantum

304 1439 462 1478 offerente
500 1441 643 1485 recedit,
682 1441 742 1476 sed
780 1442 822 1476 oh
852 1452 1005 1486 magnam
1041 1441 1240 1487 reliquarum
1278 1442 1425 1486 corporis
1462 1441 1601 1487 partium
1632 1436 1825 1473 affinitatem
1856 1443 1890 1471 et
1918 1437 2066 1471 habitum

303 1519 471 1549 externum
501 1525 576 1548 cum
613 1514 667 1548 illa
698 1513 925 1559 Fuligularum
964 1514 1094 1558 generis
1124 1514 1285 1555 sectione,
1323 1523 1420 1558 quam
1459 1512 1613 1557 generico
1650 1511 1782 1544 nomine
1813 1508 2066 1543 Somateriarum

302 1587 502 1620 recentiores
526 1590 661 1620 naturae
687 1590 887 1619 scrutatores
916 1583 1216 1629 comprehendunt,
1252 1583 1348 1617 aliam
1373 1582 1599 1629 Fuligularum
1636 1583 1766 1627 generis
1796 1581 1958 1614 sectiones
1984 1590 2067 1614 con-

302 1655 466 1690 siderandi
487 1657 647 1691 rationem
666 1657 851 1690 necessario
871 1655 1027 1701 postulat.
1059 1654 1257 1689 Accuratior
1276 1655 1378 1700 igitur
1395 1654 1517 1700 objecti
1536 1655 1613 1688 novi
1632 1652 1868 1697 ornithologici
1889 1650 2066 1696 descriptio

302 1731 336 1760 et
359 1736 435 1760 cum
460 1726 631 1772 speciebus
661 1722 817 1759 affinibus
848 1725 1050 1770 comparatio
1076 1725 1260 1770 praemissis
1292 1723 1578 1758 observationibus
1607 1722 1649 1756 ad
1680 1721 1906 1767 Fuligularum
1938 1720 2067 1765 generis

303 1794 494 1830 Sectionum
519 1801 552 1829 et
577 1795 807 1840 Subgenerum
831 1794 1038 1840 quorundam
1064 1793 1270 1828 characteres
1295 1799 1392 1840 atque
1417 1789 1595 1827 affinitates
1615 1791 1836 1838 spectantibus
1855 1790 2066 1824 Rossicorum

301 1865 529 1911 Zoologorum
562 1866 717 1900 Veterani
756 1866 970 1900 Illustrissimi
1010 1870 1043 1899 et
1080 1864 1279 1899 Meritissimi
1318 1864 1499 1898 Medicinae
1530 1863 1684 1898 Doctoris
1716 1861 1924 1897 Solemnibus
1961 1859 2067 1894 Semi-

300 1937 502 1971 secularibus
528 1936 730 1972 celebrandis
758 1942 989 1982 argumentum
1014 1937 1218 1982 aptissimum
1244 1936 1397 1982 praebere
1423 1934 1604 1969 videbatur.

398 2008 521 2054 Accipe
545 2009 648 2054 igitur
663 2008 726 2042 Vm
745 2009 1025 2042 Excmmmssmn
1045 2013 1142 2053 atque
1161 2007 1390 2042 lrrus’rmssmm
1409 2006 1572 2040 benevolo
1596 2007 1715 2047 animo,
1736 2004 1827 2050 quod
1844 2004 1914 2039 ΤιΒι
1937 2004 2066 2039 diutur-

301 2091 361 2114 nae
380 2081 540 2114 amicitiae
560 2084 593 2113 et
614 2079 765 2114 Summae
785 2080 987 2114 reverentiae
1013 2090 1129 2113 sensus
1153 2079 1281 2124 paravit
1305 2078 1537 2112 munusculum
1563 2077 1741 2111 literarium
1768 2081 1801 2110 et
1824 2088 1920 2122 quam
1940 2077 2066 2121 lnclyto

300 2150 438 2186 Nomine
463 2151 535 2186 Tuo
561 2150 734 2196 designare
760 2150 872 2186 studui
899 2152 1041 2197 speciem
1061 2162 1181 2186 novam
1206 2150 1359 2195 benignis
1385 2149 1490 2184 oculis
1510 2148 1652 2194 adspice.
1691 2147 1916 2193 Fuligularum
1937 2150 2067 2194 generis

280 2207 440 2255 'formam
470 2220 661 2255 Somateriis
698 2222 842 2266 proxime
881 2217 1015 2254 affinem
1053 2221 1157 2266 elegi,
1193 2231 1230 2254 ea
1261 2219 1381 2254 ductus
1419 2220 1589 2264 opinione,
1616 2217 1815 2252 Rossieonuu
1845 2218 2065 2256 ZQoLocomm

301 2291 496 2326 VETERANIJM
521 2291 775 2326 Irrusrmssmuni
801 2291 935 2333 decere,
963 2297 999 2326 ut
1025 2291 1245 2326 diversissima
1277 2292 1363 2324 vitae
1395 2289 1566 2324 diuturnae
1600 2294 1633 2322 et
1665 2288 1937 2323 laboriosissimae
1971 2300 2068 2334 opera

302 2360 525 2403 considerans,
552 2362 579 2394 si
604 2360 759 2406 placeret,
786 2362 819 2395 in
846 2360 1101 2396 Somateriarum
1127 2372 1231 2395 novae
1258 2360 1377 2406 speciei
1403 2359 1522 2405 plumis
1548 2361 1751 2404 requiescere
1777 2359 1891 2404 possit.
