2306 3017
1111 165 1317 217 <ἑέῙθῧ>

326 280 596 322 sericeo-nitens,
627 276 697 312 fere
722 276 842 312 falcata
868 277 1041 320 discurrit,
1073 290 1155 324 quae
1181 290 1198 312 e
1225 279 1326 313 limbo
1357 281 1523 325 superiore
1550 283 1776 328 processulum
1809 284 2107 331 subtriangularem

328 339 523 383 longiorem,
549 339 785 384 angustiorem,
808 349 922 371 versus
941 339 1122 383 marginem
1149 340 1344 373 eminentiae
1370 341 1513 374 ocularis
1536 344 1744 386 anteriorem,
1770 344 1954 379 breviorem
1982 357 2061 381 vero
2091 359 2109 382 e

326 403 416 443 parte
442 410 500 432 sua
520 398 677 432 latissima
696 408 811 431 versus
831 398 1026 431 eminentiae
1053 397 1160 432 dictae
1180 399 1361 444 marginem
1380 401 1596 445 posteriorem
1616 404 1748 442 emittit,
1774 404 1807 437 in
1826 404 1928 439 limbo
1949 402 2106 442 inferiore

324 462 434 491 autem
453 458 537 491 linea
551 462 702 502 angusta,
724 456 956 491 candidissima
969 458 1174 492 terminatur.
1201 457 1331 492 Ptilosis
1345 460 1497 493 mentalis
1517 461 1739 506 triangularis,
1753 462 1958 508 longissima,
1978 466 2105 500 narium

326 511 482 552 anteriori
514 519 598 563 parti
625 518 793 562 opposita,
832 515 957 558 albida,
989 528 1104 562 parum
1136 515 1328 552 flavescens.
1380 518 1541 561 Menum,
1578 525 1764 566 temporum
1796 521 1933 558 inferior
1963 535 2038 570 pars
2070 530 2104 559 et

324 577 448 612 collum
469 577 553 618 alba,
576 578 626 610 vix
643 588 758 622 parum
778 574 975 610 ssavicantia.
1001 576 1163 622 Jugulum
1183 583 1216 611 et
1236 584 1350 623 pectus
1370 590 1445 613 cum
1466 579 1735 625 hypochondriis‚
1756 579 1936 617 femoribus
1957 589 1990 617 et
2010 585 2102 618 crissi

324 638 461 671 laterum
488 637 669 682 posteriore
697 641 787 681 parte
814 648 831 669 e
857 633 1063 670 fuscescente
1095 637 1268 671 obscurius
1298 638 1711 684 subnigricante-cinerea,
1743 641 1890 686 apicibus
1922 654 2102 688 pennarum

323 697 456 735 laceris,
481 694 744 730 fuseescentibus
771 696 823 729 vel
849 695 983 736 albidis,
1022 697 1128 742 scapis
1154 708 1250 742 supra
1278 698 1365 731 ultra
1396 698 1540 732 medium
1565 696 1785 748 fuscisgbasi
1817 700 1913 744 albis,
1945 702 2102 747 plumulis

322 756 487 790 basalibus
518 756 600 790 albis
633 756 685 789 vel
717 755 847 789 albidis.
899 755 1091 795 Abdomen,
1129 758 1221 790 crissi
1253 755 1389 792 inferior
1419 769 1492 803 pars
1523 763 1557 792 et
1587 760 1739 793 tectrices
1770 759 1894 794 caudae
1927 759 2101 797 inferiores

320 814 583 858 cinereo-fusca,
622 817 836 861 nigricantia‚
872 816 1027 861 plumulis
1059 816 1225 851 basalibus
1261 829 1278 851 e
1316 819 1538 852 cinerascente
1569 818 1686 853 albidis
1720 820 1772 853 vel
1808 821 2096 856 cinerascentibus.

321 877 417 912 Dorsi
443 879 589 912 anterior
615 888 689 922 pars
717 876 941 920 (auchenium)
970 876 1045 910 inde
1077 889 1094 910 a
1120 877 1240 915 nucha,
1266 890 1326 911 nec
1352 889 1419 912 non
1446 878 1535 913 dorsi
1562 878 1687 913 mediae
1720 881 1820 926 partis
1848 880 2095 927 (interscapulii)

318 938 464 971 anterius
483 936 655 971 dimidium
682 948 757 970 cum
777 936 972 970 tectricibus
991 937 1061 970 alae
1081 937 1305 982 superioribus
1322 938 1503 972 minoribus
1522 943 1555 972 et
1574 939 1753 984 remigibus
1772 939 1975 974 secundariis
1995 942 2098 975 inter-

319 998 369 1030 nis
395 998 560 1041 elongatis
586 1002 683 1042 atque
708 997 917 1037 acuminatis,
944 993 1039 1030 falcis
1068 994 1172 1031 forma
1199 1003 1379 1031 retrorsum
1400 1003 1434 1031 et
1459 997 1615 1032 deorsum
1640 1010 1737 1044 supra
1761 1000 1903 1044 remiges
1928 1001 2096 1044 primarias

318 1062 350 1090 et
376 1056 643 1090 secundariarum
670 1055 876 1092 externarum
901 1057 1010 1101 apices
1037 1054 1188 1098 deflexis,
1216 1057 1364 1103 apicibus
1389 1059 1584 1092 acuminatis
1610 1063 1718 1092 autem
1744 1063 1930 1093 antrorsum
1951 1058 2095 1102 directis,

318 1128 378 1150 nec
399 1128 466 1150 non
487 1117 624 1150 maculis
644 1115 913 1160 triangularibus,
935 1116 1080 1150 maximis
1099 1128 1117 1149 a
1136 1118 1228 1150 crissi
1250 1117 1406 1151 lateribus
1426 1118 1658 1163 incipientibus
1678 1123 1712 1151 et
1730 1118 1790 1152 sub
1802 1118 1928 1152 alarum
1947 1119 2096 1163 apicibus

317 1188 430 1210 versus
449 1175 699 1221 hypochondria
718 1175 972 1209 ascendentibus
992 1187 1067 1209 cum
1087 1177 1312 1221 scapularibus
1331 1178 1525 1211 acuminatis
1546 1176 1697 1219 candida,
1717 1178 1769 1211 vix
1789 1178 1952 1211 levissime
1972 1175 2095 1213 ssaves-

315 1241 409 1270 cente
432 1236 482 1269 vel
501 1237 684 1269 virescente
705 1236 851 1269 irrorata.
890 1234 985 1269 Dorsi
1012 1235 1109 1269 medii
1137 1234 1206 1283 (seu
1226 1237 1462 1282 interscapulii)
1484 1248 1558 1282 pars
1579 1238 1743 1282 posterior
1767 1248 1890 1283 pennas
1913 1239 2094 1273 anteriores

315 1296 406 1330 albas
432 1296 484 1329 vel
510 1294 619 1330 medio
646 1294 767 1341 pallide
794 1296 1045 1337 cinerascentes,
1068 1296 1223 1330 lateribus
1248 1296 1406 1330 candidas
1426 1297 1479 1330 vel
1501 1296 1622 1342 pallide
1642 1298 1787 1331 cinereas
1806 1296 1881 1331 albo
1902 1298 2091 1343 tenuissime

314 1361 348 1389 et
364 1356 594 1401 angustissime
615 1355 751 1400 abrupte
771 1354 947 1388 undulatas
968 1357 1167 1400 posteriores
1188 1367 1266 1390 vero
1288 1358 1434 1390 cinereas
1454 1356 1654 1402 subpallidas
1674 1353 1781 1390 offert.
1813 1356 1908 1390 Dorsi
1929 1358 2093 1402 posterior

315 1426 389 1460 pars
413 1427 488 1449 cum
515 1416 677 1460 uropygio
703 1420 736 1448 et
761 1414 953 1448 tectricibus
985 1414 1110 1448 caudae
1137 1416 1359 1461 superioribus
1390 1413 1599 1450 suscescente
1630 1417 1776 1458 cinerea,
1808 1421 1900 1461 parte
1925 1417 2088 1451 anteriore

314 1475 467 1520 pallidior
492 1477 660 1521 magisque
687 1477 907 1517 cinei-ascens,
936 1477 1116 1520 posteriore
1135 1488 1210 1510 cum
1231 1476 1390 1510 tectribus
1409 1476 1532 1511 caudae
1556 1476 1779 1522 superioribus
1799 1476 1896 1522 paulo
1917 1476 2091 1512 obscurior

312 1536 482 1580 magisque
503 1532 702 1569 fuscescens.
736 1535 816 1568 Alae
838 1533 1050 1577 subfalcatae⁷
1076 1535 1311 1581 subaugustae‚
1337 1536 1565 1570 breviusculae
1593 1536 1644 1570 vel
1665 1537 1718 1570 vix
1742 1535 1938 1577 mediocres,
1964 1535 2087 1570 caudae

311 1595 403 1629 basin
428 1592 573 1640 apicibus
599 1596 810 1640 attingentes.
861 1595 1013 1639 Remiges
1045 1596 1213 1640 primariae
1241 1595 1371 1636 decem,
1405 1595 1534 1631 modice
1560 1597 1780 1637 acuminatae,
1811 1593 1896 1629 facie
1919 1597 2088 1641 superiore

309 1652 552 1698 fusco-nigrae,
576 1654 724 1699 apicibus
749 1660 782 1687 et
808 1654 1012 1699 marginibus
1037 1654 1159 1699 pallide
1185 1653 1411 1689 fuscescentes
1437 1661 1471 1689 et
1495 1655 1813 1698 subcinerascentes,
1845 1656 1952 1700 scapis
1976 1654 2086 1690 medio

308 1711 427 1758 pallide
454 1710 568 1754 fuscis,
595 1713 664 1746 basi
691 1713 786 1749 albis,
812 1715 946 1747 summis
966 1713 1113 1758 apicibus
1133 1714 1363 1749 albicantibus.
1403 1714 1515 1748 Prima
1535 1720 1568 1748 et
1587 1714 1730 1749 secunda
1750 1715 1885 1760 reliquis
1906 1715 2084 1759 longiores.

308 1772 461 1817 Remiges
480 1772 693 1806 secundariae
713 1772 827 1807 decem
845 1778 995 1807 externae
1021 1773 1053 1820 (i.
1070 1785 1098 1807 e.
1120 1774 1189 1807 alae
1209 1776 1350 1808 exterius
1370 1774 1541 1808 dimidium
1557 1774 1773 1820 occupantes)
1791 1773 1881 1808 haud
1899 1774 2085 1820 elongatae,

306 1832 496 1865 brevissime
524 1832 575 1865 vel
600 1832 745 1867 breviter
771 1835 985 1875 acuminatae,
1013 1845 1132 1867 novem
1160 1839 1309 1867 externae
1331 1846 1441 1868 earum
1468 1835 1648 1880 remigibus
1667 1834 1875 1876 concolores,
1902 1833 1960 1868 sed
1979 1834 2084 1879 magis

306 1893 519 1937 nigricanteS‚
545 1894 636 1937 apice
661 1898 774 1926 tenere
801 1893 877 1927 alho
905 1893 1068 1935 limbatae,
1096 1893 1221 1926 decima
1248 1906 1360 1928 earum
1387 1894 1524 1929 dimidio
1545 1900 1678 1928 externo
1698 1892 1919 1938 nigro-fusca,
1945 1893 2082 1928 dimidio

307 1953 434 1985 interno
462 1951 552 2004 alba.⁴
598 1952 751 1997 Remiges
777 1952 987 1986 secundariae
1021 1954 1167 1986 internae
1193 1959 1281 1987 totae
1308 1965 1383 1987 cum
1409 1955 1515 2000 scapis
1542 1953 1717 1995 candidae,
1745 1953 1840 1987 valde
1866 1954 2081 1993 acuminatae‚

304 2013 494 2056 elongatae,
534 2009 627 2045 falcis
666 2013 769 2046 instar
800 2012 954 2046 deorsum
985 2018 1018 2046 et
1047 2018 1246 2054 retrorsum,
1282 2013 1429 2059 apicibus
1460 2019 1567 2047 autem
1600 2019 1786 2047 antrorsum
1818 2024 1914 2058 supra
1939 2013 2081 2057 remiges

305 2072 472 2116 primarias
498 2068 652 2105 deflexae.
705 2071 900 2117 Scapulares
926 2078 960 2105 et
985 2072 1169 2106 humerales
1195 2073 1365 2107 subrectae
1390 2073 1473 2118 (non
1497 2079 1533 2107 ut
1553 2074 1584 2106 in
1605 2073 1758 2117 Fuligula
1780 2072 1910 2106 Stelleri
1930 2083 1967 2105 ex
1987 2077 2079 2117 parte

304 2131 451 2176 apicibus
477 2129 631 2169 falcatae)
657 2131 786 2165 modice
813 2132 987 2176 elongatae
1013 2137 1046 2165 et
1071 2133 1291 2173 acuminatae‚
1326 2135 1447 2178 pariter
1473 2132 1648 2174 candidae,
1675 2133 1727 2166 vix
1751 2132 1940 2165 tenuissime
1974 2132 2079 2165 vires-

304 2196 425 2224 centes.
465 2190 636 2224 Tectrices
661 2192 785 2225 alarum
808 2190 933 2224 mediae
953 2193 1031 2225 satis
1051 2203 1189 2236 magnae
1209 2193 1390 2237 remigibus
1412 2193 1618 2234 concolores,
1646 2191 1704 2225 sed
1723 2192 1814 2236 apice
1834 2191 1907 2236 plus
1927 2192 2076 2225 minusve

303 2249 457 2284 distincte
484 2251 535 2283 vel
560 2256 670 2284 tenere
689 2256 722 2284 et
745 2256 884 2295 anguste
912 2251 987 2285 albo
1015 2251 1166 2285 limbatae
1188 2263 1292 2297 eoque
1317 2252 1441 2298 speculi
1463 2251 1801 2285 alaris-rudimentum
1820 2261 1895 2284 cum
1915 2251 2077 2295 remigum

307 2309 575 2343 secundariarum
601 2310 748 2355 apicibus
774 2310 1020 2356 quodammodo
1047 2322 1160 2356 parum
1187 2311 1379 2345 indicantes.
1430 2311 1600 2345 Tectrices
1626 2311 1766 2357 majores
1795 2321 1853 2343 seu
1880 2310 2078 2355 posteriores

303 2380 360 2402 seu
391 2370 546 2402 tectrices
582 2371 745 2415 remigum
778 2371 1001 2415 primariarum
1033 2382 1050 2404 a
1088 2371 1269 2416 remigibus
1300 2371 1502 2406 secundariis
1539 2372 1572 2404 in
1603 2371 1653 2404 ala
1692 2370 1886 2415 complicata
1924 2368 2075 2403 obtectae

302 2427 479 2472 oblongae,
500 2430 579 2462 satis
605 2435 777 2474 angustae,
803 2430 908 2463 alulae
936 2431 1051 2475 pennis
1070 2428 1258 2465 conformes
1284 2436 1317 2465 et
1335 2443 1410 2465 cum
1430 2432 1469 2465 iis
1489 2430 1668 2475 remigibus
1687 2430 1848 2475 primariis
1867 2427 2071 2463 concolores.

304 2486 383 2519 Alae
410 2498 525 2531 margo
551 2490 697 2523 anterior
722 2500 780 2522 seu
805 2489 982 2523 humeralis
1008 2489 1179 2531 candidus,
1206 2489 1342 2525 inferior
1367 2492 1475 2524 antiee
1501 2489 1672 2531 candidus,
1699 2490 1750 2523 vix
1769 2490 1900 2523 cinereo
1926 2491 1958 2520 et
1976 2483 2073 2520 fusco

302 2550 451 2588 notatus,
480 2549 604 2591 postice
637 2548 780 2583 candido
811 2554 844 2582 et
875 2546 1123 2583 fusco-cinereo
1149 2551 1341 2584 maculatus.
1393 2542 1528 2583 Alarum
1561 2550 1735 2583 tectricum
1762 2546 1952 2582 inferiorum
1977 2550 2074 2579 ante-
