2337 3043
979 216 1184 268 <ἓέΠὲ>

196 331 376 364 anteriores
401 339 486 374 pone
511 337 634 362 uncum
667 326 794 361 obviae
814 337 948 372 prorsus
973 327 1158 371 obsoletae,
1195 330 1395 374 posteriores
1420 333 1454 362 et
1478 328 1603 364 mediae
1629 341 1742 376 parum
1774 342 1965 368 numerosae

196 394 230 423 et
257 386 426 423 confertae
452 388 486 420 in
505 387 623 431 quovis
648 386 752 419 lineae
774 387 880 431 spatio
907 387 940 419 in
965 388 1113 421 maxillae
1138 393 1230 433 parte
1250 387 1356 421 media
1383 387 1550 431 subbinae,
1576 391 1609 423 in
1635 392 1816 435 posteriore
1842 397 1963 427 ternae.

198 447 396 482 Lamellulae
434 433 681 479 mandibulares'
713 446 746 478 in
785 444 993 479 mandibulae
1032 448 1192 481 exteriore
1231 444 1315 481 facie
1348 452 1475 481 tantum
1508 449 1541 481 in
1572 450 1654 482 serie
1685 450 1782 483 unica
1813 450 1967 486 distincte

196 504 400 547 evolutae*),
426 503 621 544 mediocres,
643 505 721 537 satis
746 501 926 545 confertae,
953 498 1185 547 sirbcurvatae‚
1211 507 1244 539 in
1270 505 1477 540 mandibulae
1498 509 1661 542 anteriore
1687 513 1720 541 et
1745 508 1851 543 media
1877 516 1966 555 parte

197 573 322 606 ternae,
359 564 393 597 in
426 564 606 609 posteriore
638 568 813 608 quaternae
846 563 1052 598 mandibulae
1085 566 1265 609 marginem
1296 566 1497 610 superiorem
1531 566 1681 611 glabrum
1712 567 1801 602 haud
1831 569 1884 602 vel
1915 571 1967 603 vix

195 623 439 657 denticulorum
470 624 678 657 minimorum
711 620 814 656 forma
846 628 1049 668 superantes.
1099 623 1201 657 Narcs
1232 624 1355 658 calvae.
1407 624 1538 659 Ptilosis
1575 624 1725 669 frontalis
1764 627 1965 670 brevissima,

194 682 485 727 subtriangularis‚
513 693 530 715 a
558 682 683 726 genali,
710 681 922 723 subarcuata,
961 693 1074 726 parum
1105 688 1180 716 ante
1211 684 1278 717 oris
1308 683 1466 728 angulum
1494 686 1698 729 prominente
1730 688 1835 731 spatio
1868 699 1967 732 parvo

193 741 401 787 triangulari,
426 740 516 776 nudo
543 742 575 774 in
603 739 708 774 fronte
736 740 788 786 (ut
814 742 846 774 in
874 741 974 787 longe
1001 742 1151 786 plurimis
1177 741 1344 787 Anatinis)
1367 742 1466 777 obvio
1494 743 1669 790 disjuncta.
1720 744 1850 780 Ptilosis
1875 758 1968 780 men-

195 802 271 835 talis
307 800 513 842 brevissima,
544 811 629 845 pone
660 811 754 833 nares
792 801 979 844 conspicua.
1010 800 1179 835 ‘Palatum
1209 807 1316 835 totum
1353 801 1516 846 glabrum.
1567 803 1719 849 Remiges
1757 805 1968 840 secundariae

196 862 342 894 internae
369 871 444 894 cum
475 859 701 904 scapularibus
733 860 874 892 externis
906 870 1002 904 supra
1028 861 1171 905 remiges
1196 861 1365 905 primarias
1390 862 1423 894 in
1448 862 1496 895 ala
1525 863 1718 908 complicata
1743 861 1839 898 falcis
1864 863 1968 900 forma

198 919 351 954 deorsum
377 924 541 953 curvatae.

899 975 1075 1008 Clzaracter
1108 977 1272 1008 naturalis.

704 1040 831 1074 (Marium
851 1039 1009 1067 adultorum
1030 1040 1119 1078 ptilosi
1139 1040 1255 1077 nuptiali
1275 1040 1454 1073 indutorum.)

294 1100 448 1135 Rostrum
475 1100 670 1134 olivaceum.
721 1099 817 1134 Oculi
845 1101 967 1134 annulo
995 1101 1079 1142 lato,
1117 1101 1376 1143 atro-violaceo,
1409 1113 1476 1135 non
1501 1107 1610 1136 autem
1635 1114 1707 1137 area
1733 1104 1858 1139 elevata
1886 1117 1969 1152 pen-

197 1171 296 1194 nacea
321 1165 410 1193 arcte
436 1160 547 1193 cincti.
599 1158 684 1193 Gula
711 1161 809 1193 maris
835 1171 910 1193 cnm
936 1166 1048 1194 mento
1075 1166 1155 1198 atra,
1183 1160 1471 1194 violaceo-nitens.
1523 1161 1652 1196 Collum
1677 1168 1794 1209 torque
1821 1164 1968 1210 ejusdem

197 1221 318 1255 coloris
344 1221 500 1253 cinctum.
552 1218 683 1252 Ptilosis
708 1217 859 1253 frontalis
886 1225 919 1253 et
945 1220 1072 1264 genalis
1097 1220 1204 1261 albae,
1233 1219 1329 1253 viridi
1356 1220 1517 1254 levissime
1544 1221 1626 1255 locis
1651 1224 1790 1269 singulis
1815 1224 1967 1259 imbutae.

195 1279 358 1324 Jugulum
382 1283 498 1324 pectus
525 1277 775 1323 hypocbondria
801 1284 834 1311 et
859 1278 1045 1313 abdominis
1071 1280 1218 1313 anterior
1237 1290 1310 1323 pars
1331 1279 1504 1313 laetissime
1526 1280 1704 1324 isabellina,
1730 1280 1825 1317 fusco
1850 1284 1967 1326 lavata,

195 1343 310 1384 pectus
341 1343 375 1371 et
406 1336 591 1371 abdominis
622 1338 767 1371 anterior
799 1350 873 1382 pars
904 1339 936 1371 in
968 1338 1076 1372 medio
1109 1336 1339 1372 fuscescentia.
1391 1338 1587 1373 Abdominis
1617 1341 1725 1392 media
1748 1347 1781 1375 et
1806 1344 1968 1388 posterior

198 1409 272 1443 pars
297 1409 371 1431 cum
398 1395 593 1438 femoribus,
621 1398 739 1438 crisso,
765 1398 946 1442 remigibus
972 1399 1132 1443 primariis
1157 1403 1190 1431 et
1215 1398 1409 1432 rectricibus
1437 1398 1821 1435 atro-subfuscescentia.
1862 1402 1968 1436 Pedes

196 1458 424 1491 olivascentes.

245 1598 411 1644 Species
436 1599 576 1632 unica:
620 1598 775 1645 Fuliyula
801 1599 1012 1644 (Polystista)
1038 1598 1188 1634 Stellem'.

292 1695 553 1730 Osssnnvsrio.
601 1695 796 1739 Polystictae
833 1696 948 1730 babitu
987 1698 1148 1742 generali,
1186 1700 1379 1733 nominatim
1418 1686 1584 1734 coloribus
1622 1706 1655 1734 et
1685 1701 1795 1746 ptilosi
1832 1703 1966 1745 alarum,

195 1755 373 1801 remigibus
398 1754 601 1789 secundariis
626 1756 763 1789 internis
788 1749 971 1790 extrorsum
1005 1762 1038 1790 et
1069 1756 1222 1791 deorsum
1248 1770 1345 1803 supra
1370 1760 1511 1804 remiges
1541 1761 1709 1805 primarias
1741 1763 1775 1795 in
1799 1763 1848 1796 ala
1875 1774 1968 1797 com—
1999 1806 2002 1811 Α

195 1815 314 1860 plicata
338 1813 433 1849 falcis
459 1813 564 1849 forma
589 1816 750 1857 curvatis,
778 1827 838 1849 nec
865 1827 932 1850 non
959 1817 1068 1861 palato
1095 1817 1210 1862 glabro
1237 1817 1427 1852 Somateriis
1454 1820 1635 1853 simillimae
1661 1827 1818 1866 apparent
1843 1828 1876 1856 et
1903 1821 1967 1856 So-

194 1876 402 1908 materiarum
428 1873 565 1908 formam
592 1876 801 1909 minutiorem
827 1882 1070 1920 repraesentare
1099 1876 1269 1915 videntum
1296 1889 1377 1922 quae
1403 1878 1535 1923 quidem
1556 1879 1736 1914 similitudo
1761 1883 1858 1915 etiam
1884 1883 1968 1916 inter

194 1934 450 1969 Somateriarum
476 1939 508 1967 et
534 1934 784 1979 Polystictarum
811 1933 948 1968 seminas
973 1934 1083 1969 fuscas
1110 1934 1301 1982 ferrugineo
1327 1937 1502 1971 undulatas
1527 1941 1669 1983 apparet.
1714 1939 1782 1980 Qua
1809 1940 1849 1974 de
1869 1952 1966 1975 causa

195 1996 292 2028 etiam
319 1995 515 2038 Polystictae
541 1993 582 2027 ad
609 1994 809 2028 Somalerias
834 1996 969 2040 propius
996 1995 1154 2029 accedere
1181 1995 1318 2036 debent,
1344 1999 1493 2041 quamvis
1519 1998 1561 2031 ob
1588 2000 1714 2032 narium
1740 2000 1838 2032 situm
1863 2002 1968 2046 magis

195 2054 347 2096 basalem,
374 2054 509 2099 ptilosin
535 2052 710 2087 srontalem
736 2059 769 2087 et
796 2054 944 2099 genalem
974 2055 1175 2097 breviorem,
1202 2067 1263 2089 nec
1289 2067 1357 2089 non
1383 2056 1424 2090 ob
1452 2057 1589 2091 eandam
1622 2059 1805 2103 longiorem
1831 2065 1864 2092 et
1888 2071 1968 2094 acu-

195 2114 312 2147 tiorem
335 2113 377 2147 ad
403 2112 560 2146 Hareldas
585 2118 619 2146 et
644 2113 897 2157 Phlyaconetias
928 2116 1037 2160 aptius
1062 2113 1247 2149 referantur
1272 2121 1305 2149 et
1328 2114 1469 2149 sormam
1500 2119 1720 2151 transitoriam
1745 2118 1785 2151 ab
1818 2119 1968 2153 Hareldis

195 2177 228 2205 et
258 2172 502 2217 Phlyaconettis
535 2172 577 2205 ad
610 2172 809 2206 Somaterias
840 2176 1054 2208 constituant.
1104 2174 1272 2208 Praeterea
1304 2187 1383 2209 vero
1415 2177 1512 2209 etiam
1545 2176 1696 2222 Fuligula
1730 2177 1859 2212 Stelleri
1891 2190 1966 2213 cum

195 2230 347 2276 Fuligula
368 2230 680 2279 (Camptorhyncho)
700 2232 875 2268 labradora
893 2235 1041 2267 maxillae
1067 2235 1234 2279 paratonis
1261 2237 1408 2280 margine
1428 2233 1582 2270 inferiore
1608 2238 1757 2271 molliore
1785 2227 1964 2280 in‘sffructis,

194 2291 299 2336 capite
325 2296 359 2324 et
383 2292 482 2333 collo,
509 2303 570 2325 nec
596 2303 663 2325 non
688 2292 814 2326 alarum
840 2294 1033 2328 tectricibus
1060 2293 1221 2335 candidis,
1245 2300 1279 2328 et
1305 2294 1416 2336 dorso,
1442 2296 1573 2337 collari,
1600 2296 1850 2343 abdominisque
1874 2303 1965 2342 parte

163 2357 167 2361 ’
196 2351 374 2395 posteriore
400 2352 478 2385 atris
504 2350 752 2385 similitudinem
779 2352 922 2397 praebet.

269 2547 298 2579 Ὃ
317 2546 473 2573 Occurrunt
494 2553 582 2574 tamen
603 2550 629 2574 in
648 2543 767 2585 margine
786 2550 959 2577 mandibulae
980 2554 1123 2587 superiore
1142 2554 1195 2588 apin
1205 2552 1243 2578 uli
1263 2553 1359 2588 obtusi,
1381 2555 1494 2584 minimi,
1509 2552 1653 2579 lamellulis
1672 2553 1783 2580 evolutis
1804 2556 1964 2590 interpositt.

198 2597 365 2631 superiorem
388 2604 436 2621 seu
456 2594 631 2631 marginalem
653 2596 853 2624 lamellularum
875 2600 974 2626 seriem
995 2598 1156 2626 indicantes.

1756 2651 1773 2669 ιιι
