2306 3017
1080 505 1228 554 CAPUT
1265 488 1293 554 t

693 613 769 651 DE
827 613 1320 652 FL‘LIGULARUM
1380 614 1668 654 GENERIS

1091 708 1271 741 musarum.

405 805 478 840 Jam
511 810 585 839 ante
617 804 730 839 decem
762 810 794 838 et
825 810 907 850 quot
936 807 1079 839 excurrit
1110 817 1213 839 annos
1244 805 1384 840 aliorum
1411 805 1711 851 Ornithologorum
1742 808 1888 853 exemplo
1922 807 1979 855 (cf.
2006 809 2072 844 De-

302 867 495 911 scriptiones
519 870 551 898 et
577 865 693 899 leones
718 865 848 898 animal.
870 865 994 898 Rossic.
1016 864 1105 899 Aves
1130 865 1255 899 Fascic.
1282 865 1294 899 l
1324 865 1489 910 Petropoli
1518 867 1619 900 1836.
1649 869 1679 900 ῑι.
1709 879 1740 912 p.
1754 866 1824 913 20.)
1850 868 1921 902 illas
1942 871 2070 914 generis

304 926 445 958 Anatum
473 925 607 958 Linnaei
634 926 768 969 species,
796 936 877 969 quae
906 924 1012 969 digito
1040 927 1169 970 postico
1197 926 1351 958 latissime
1378 925 1525 967 limbat0‚
1552 931 1663 960 sterno
1688 927 1803 961 latiore
1830 932 1893 961 etc.
1915 927 2069 972 gaudent,

303 986 432 1018 nomine
461 986 615 1029 generico
640 986 739 1018 unico
767 984 920 1029 Fuligula
946 985 1010 1029 Ray
1038 985 1273 1030 comprehendi
1300 995 1395 1030 posse
1421 982 1526 1018 fusius
1554 985 1787 1020 demonstravi.
1834 987 1940 1032 Ipsius
1963 993 2070 1022 autem

304 1044 529 1089 Fuligularum
561 1046 690 1089 generis
720 1046 845 1089 species
875 1056 1068 1079 numerosae
1100 1045 1142 1079 oh
1175 1046 1337 1078 variarum
1369 1046 1511 1089 partium
1537 1050 1737 1079 structuram
1763 1045 1926 1081 diversam
1956 1049 1989 1081 in
2014 1047 2073 1081 Di-

305 1106 455 1145 visiones,
478 1104 737 1146 Subdivisiones,
761 1104 951 1150 Subgenera
971 1112 1005 1139 et
1024 1105 1252 1151 Subgenerum
1272 1106 1355 1139 varii
1378 1106 1498 1140 valoris
1517 1111 1551 1140 et
1569 1106 1692 1151 gradus
1711 1109 1874 1142 sectiones
1893 1108 2073 1143 secundum

306 1165 552 1199 observationes
573 1167 805 1199 recentissimis
831 1167 1043 1214 temporibus⁴
1060 1168 1229 1200 institutas
1252 1172 1329 1200 sunt
1355 1166 1551 1200 dividendae
1567 1165 1611 1211 ἕ).

374 1263 377 1267 ,
405 1225 525 1259 Primae
563 1225 696 1271 quidem
727 1225 899 1259 divisionis
930 1238 1043 1260 ansam
1074 1226 1196 1260 caudae
1229 1228 1442 1260 consistentia
1474 1227 1617 1271 praebet.
1669 1226 1842 1272 Fuligulae
1874 1229 1961 1262 enim
1998 1236 2075 1263 sunt

306 1290 362 1318 aut
388 1284 399 1319 l
428 1284 668 1319 Malacocercae
694 1287 714 1319 i.
742 1298 769 1319 e.
796 1285 901 1320 cauda
927 1287 1035 1328 molli,
1062 1292 1118 1320 aut
1146 1287 1176 1321 ΙΙ
1204 1286 1435 1321 Sclerocercae
1462 1287 1482 1320 i.
1509 1298 1537 1320 e.
1565 1286 1670 1321 cauda
1696 1287 1803 1332 rigida
1829 1288 2018 1322 instructae.

404 1344 574 1390 Fuligulae
600 1344 777 1379 Divisionis
803 1345 816 1379 Ι
845 1347 1112 1385 (stlalueoeercae)
1147 1346 1255 1381 denuo
1286 1348 1319 1379 in
1345 1345 1587 1380 subdivisiones
1612 1352 1680 1381 tres
1705 1347 1739 1380 in
1765 1346 1808 1389 A)
1837 1347 2072 1390 Melanettt'nas,

310 1407 342 1445 lt.
372 1405 578 1450 Fuliyulinas
603 1411 637 1439 et
667 1404 704 1444 C)
737 1404 1045 1439 Thalassonectmszs
1071 1406 1190 1444 dividi;
1230 1406 1401 1451 Fuligulae
1434 1406 1610 1440 Divisionis
1641 1406 1672 1441 11
1700 1404 1962 1452 (Scleroccrcae)
1995 1416 2074 1442 vero

309 1468 340 1499 in
367 1467 496 1500 unicam
524 1465 805 1506 Subdivisionom,
832 1465 1009 1500 Divisionis
1035 1465 1047 1499 l
1077 1466 1364 1500 Subdivisionihus
1391 1466 1420 1499 A
1448 1465 1469 1498 Β
1495 1471 1528 1499 et
1554 1465 1576 1499 C
1601 1466 1712 1512 quoad
1737 1467 1883 1501 valorem
1908 1468 2074 1513 aequalem

309 1524 630 1559 Srlerocerw'narum
655 1527 785 1559 nomine
813 1525 1049 1570 designandam
1076 1525 1310 1570 comprehendi
1336 1524 1543 1570 possunt**).

406 1584 568 1617 Praesenti
591 1584 721 1629 quidem
750 1591 894 1630 tempore
916 1590 1066 1619 nostrum
1092 1586 1266 1619 consilium
1292 1587 1424 1618 minime
1450 1596 1520 1618 esse.
1547 1590 1655 1630 potest
1679 1586 1825 1631 singulas
1849 1584 2075 1630 Fuligularum

310 1646 439 1689 generis
471 1646 633 1677 sectiones
664 1651 696 1678 et
727 1646 827 1690 ipsius
855 1646 983 1689 generis
1016 1645 1221 1678 characteres
1252 1646 1396 1678 exactius
1429 1643 1674 1687 considerandi,
1713 1657 1813 1690 quum
1844 1645 1925 1679 tales
1952 1644 2076 1690 disqui-

311 1706 446 1738 sitiones
472 1706 584 1749 scripti
612 1705 817 1748 gratulator-ii
844 1705 999 1738 ambitum
1025 1706 1119 1738 nimis
1144 1710 1316 1749 augerent.
1341 1702 1387 1738 De
1415 1704 1501 1738 illius
1528 1705 1629 1749 igitur
1648 1704 1882 1739 subdivisionis
1907 1705 2078 1739 characte-

311 1765 401 1798 ribus
425 1770 553 1798 tantum
579 1765 737 1798 disserere
764 1765 877 1805 liceat,
909 1776 988 1809 quae
1022 1764 1064 1797 ad
1090 1766 1190 1810 ipsius
1216 1776 1321 1798 novae
1349 1765 1467 1810 speciei
1495 1764 1604 1798 locum
1631 1765 1828 1806 naturalem,
1856 1775 1917 1798 nec
1943 1775 2010 1798 non
2034 1764 2075 1798 ad

313 1822 489 1857 affinitates
515 1824 585 1869 ejus
610 1829 768 1869 spectant.
807 1824 1169 1859 Thalassonettinarum
1198 1826 1306 1869 itaque
1334 1823 1577 1865 subdivisionis,
1604 1825 1656 1857 cui
1682 1826 1744 1858 erit
1768 1824 1950 1866 inserenda,
1977 1835 2077 1858 accu—

312 1885 413 1917 ratior
439 1884 658 1917 consideratio
691 1883 817 1929 Speciei
851 1885 951 1929 ipsius
982 1883 1193 1929 descriptioni
1227 1883 1462 1929 praemittenda
1494 1888 1527 1916 et
1551 1883 1683 1918 additae
1711 1883 1751 1917 de
1776 1881 1990 1918 affinitatibus
2016 1884 2077 1918 ob-

312 1944 513 1977 servationes
539 1942 775 1978 dissertationis
800 1949 930 1978 nostrae
955 1949 1186 1988 argumentum
1213 1943 1425 1989 praebebunt.

389 2308 416 2335 *)
445 2304 565 2330 Pei-bene
591 2303 700 2340 quidem
727 2307 781 2331 scio
801 2315 881 2341 quam
904 2304 1090 2339 Fuligularum
1117 2307 1220 2341 generis
1241 2304 1319 2330 titulo
1341 2305 1610 2330 commemoravimus
1635 2302 1873 2330 Lamellirostrium
1895 2303 2043 2330 Set-tionem
2065 2313 2081 2329 a·

318 2352 513 2377 recentioribus
533 2358 644 2378 naturae
663 2353 858 2379 scrutatoribus
878 2352 1017 2379 Familiam
1042 2351 1081 2378 vel
1104 2351 1288 2378 Subsamiliam
1310 2351 1454 2388 appellari.
1488 2351 1547 2378 Tali
1568 2358 1656 2377 tamen
1677 2350 1805 2377 methodo
1831 2353 1938 2377 uomina
1958 2353 2080 2387 generica

319 2401 395 2424 imnis
416 2401 521 2435 augenti
543 2410 661 2426 annuere
682 2399 755 2426 haud
775 2410 894 2436 possumr
914 2407 941 2426 ut
962 2402 988 2426 iu
1008 2401 1137 2426 Traciatu
1157 2399 1287 2436 peculiari
1308 2399 1342 2425 (le
1363 2398 1607 2426 Lamcllirostrium
1629 2398 1831 2425 classificatione
1851 2405 1999 2435 composito
2020 2407 2080 2424 mox

320 2446 482 2482 publicando
504 2447 589 2473 fusius·
610 2447 812 2474 demonstrabo.

390 2506 435 2537 *ἢ
458 2506 650 2532 Melanectinae
671 2506 806 2542 subgenus
826 2516 870 2532 seu
892 2516 974 2542 genus
994 2506 1118 2533 (‚).dvniia
1133 2505 1256 2537 Flemm„
1273 2506 1446 2541 Hcligulmae
1465 2506 1616 2542 subgenera
1631 2506 1812 2542 Micropterus
1832 2506 1912 2541 Kang,
1931 2505 2076 2540 Camptor-

321 2552 444 2589 lijnclius
467 2553 542 2589 Ep,
570 2554 667 2580 Branta
688 2555 763 2582 Boiv,
793 2554 918 2588 Fuligula
940 2553 1025 2580 Lcacli
1052 2560 1076 2580 et
1102 2553 1232 2589 Clangula
1253 2553 1353 2585 Leacli,
1382 2541 1594 2580 Sclefvcercinac
1614 2553 1767 2590 Subgenera
1792 2552 1981 2580 Thalassoruis
2006 2551 2080 2588 Byr„

321 2601 421 2626 Bizium
443 2600 538 2626 Leacli.
556 2601 722 2628 Erismatura
744 2603 844 2638 Bonal».
866 2608 889 2628 ct
911 2602 970 2638 Eyt.
992 2608 1016 2627 [Α
1039 2600 1145 2627 L'iidiiia
1165 2600 1257 2629 Gould
1276 2601 1489 2637 amplectuntur.
