2306 3017
1017 163 1224 215 <ἒὲἓξ>

238 279 371 313 Narium
395 264 565 325 aperturae
591 279 660 313 basi
686 277 876 324 plerumque
903 276 1000 322 paulo
1027 277 1213 322 propiores,
1244 285 1342 321 quam
1366 275 1466 308 rostri
1490 272 1610 325 medio.
1636 293 1682 299 —
1708 274 1861 321 Remiges
1886 287 2007 311 secun-

239 339 347 373 dariae
373 341 518 373 internae
546 341 579 373 in
598 339 783 383 Polystictis
809 342 937 371 tantum
963 347 1060 382 supra
1084 336 1226 380 remiges
1245 335 1413 380 primarias
1430 331 1525 367 falcis
1543 332 1649 368 forma
1667 333 1821 369 deorsum
1841 341 2005 371 curvatae.

286 399 340 443 aa)
369 399 544 445 Suhgenus
570 399 746 442 Polysticta
772 397 877 441 Eyton
904 396 1066 442 (Stelleria
1092 395 1213 441 Bonap.
1241 394 1435 429 Eniconetta
1459 392 1556 438 Gray)
1583 414 1632 420 —-
1657 394 1710 440 bb)
1738 394 1914 441 Subgenus
1939 396 2008 431 Ha-

388 459 477 493 relda
504 459 570 502 Ray
596 459 789 504 (Pagonetta
820 455 928 502 Kaup)
953 476 1001 482 -—
1028 453 1074 501 cc)
1102 455 1278 499 Suhgenus
1304 454 1538 501 Phlyaconetta
1563 452 1690 500 Nohfl‘)
1718 453 1892 501 (Clangula
1918 467 1945 490 e.
1974 468 2005 502 p.

382 518 452 563 Eyt.
479 524 511 552 et
537 517 632 562 Gray,
659 517 799 551 Harelda
824 528 851 550 e.
878 528 908 562 p.
935 515 1081 560 Keyserl.
1107 520 1141 548 et
1166 515 1308 556 Blasius,
1334 525 1395 547 nec
1421 524 1489 547 non
1515 513 1652 559 Bonap.)

335 578 698 612 Thalassonettinarum
724 577 902 610 Divisionis
922 575 1112 621 Subgenera
1139 575 1374 621 perlustrantes
1399 574 1524 619 species
1550 585 1638 608 nova
1663 573 1859 610 Fischero
1883 574 2005 610 Nostro

239 638 346 672 dicata
367 638 551 681 Polystictis
577 637 708 683 quidem
737 636 851 683 (Anati
878 647 936 670 seu
961 635 1134 680 Fuligulae
1155 633 1310 680 Stelleri),
1336 633 1394 667 sed
1419 633 1525 667 multo
1551 635 1657 678 magis
1681 633 1790 669 adhuc
1816 634 2007 669 Somateriis

237 695 347 731 affinis
373 703 520 742 apparet,
558 703 596 731 ut
625 701 738 742 postea
770 695 875 730 fusius
907 695 1205 730 demonstrabimus
1231 699 1264 727 et
1287 694 1418 727 tabulae
1444 698 1575 727 nostrae
1600 693 1775 739 adspectus
1807 692 2006 729 manifestat.

239 757 456 791 Nihilosecius
476 762 584 791 tamen
604 768 664 790 nec
685 756 933 800 Polystictarum
959 766 1020 790 nec
1041 754 1298 789 Somateriarum
1323 753 1499 798 subgeneri
1526 753 1700 787 commode
1725 753 1868 787 adscribi
1888 759 2009 800 potest,

239 819 299 851 nisi
331 818 536 851 characteres
567 828 682 851 eorum
713 817 795 850 bene
827 816 1002 850 distinctos
1032 815 1164 849 turbare
1195 814 1288 847 velis.
1340 812 1493 858 Fuligula
1530 812 1714 847 Fischeri
1753 814 1855 859 igitur
1885 826 2009 849 novum

239 878 439 911 evolutionis
465 883 576 922 typum
602 878 686 910 inter
712 876 911 910 Somaterias
937 881 970 909 et
987 875 1181 918 Polystictas
1207 875 1344 907 maxima
1370 885 1410 918 exv
1433 878 1524 918 parte
1551 873 1782 907 intermedium
1808 875 2008 908 constituere

240 937 352 979 debet,
380 938 431 970 cui
458 937 589 982 quidem
616 937 808 982 suhgeneris
833 937 1004 970 notionem
1029 935 1147 968 merito
1174 932 1290 968 eodem
1311 933 1387 979 jure
1414 933 1558 967 tribuere
1583 944 1774 978 possumus,
1800 945 1866 979 quo
1892 932 2011 968 Soma—

240 998 350 1039 teriae,
376 996 550 1031 Oedemiae
576 1002 609 1030 et
634 997 714 1030 aliae
741 996 862 1029 multae
890 995 1150 1039 distinguuntur.

337 1056 408 1096 Quo
435 1057 555 1090 clarius
579 1062 690 1089 tamen
714 1057 791 1090 novi
819 1055 1011 1099 suhgeneris
1038 1060 1136 1088 notae
1163 1059 1261 1099 atque
1288 1049 1469 1087 affinitates
1488 1058 1562 1086 ante
1584 1053 1701 1086 oculos
1721 1058 1895 1098 ponantur,
1921 1053 2011 1099 quod

242 1116 283 1150 ob
310 1116 459 1149 habitum
487 1121 655 1150 externum
686 1117 764 1149 satis
795 1114 1004 1160 splendidum
1029 1114 1283 1160 Lampronettae
1314 1114 1334 1146 i.
1365 1124 1392 1146 e.
1421 1111 1537 1146 Anatis
1569 1111 1759 1158 splendidae
1793 1114 1823 1158 (a
1848 1111 2011 1158 λαμπρὸς

242 1175 433 1221 splendidus
459 1181 492 1209 et
518 1177 631 1216 ψῆττα
656 1175 747 1220 anas)
774 1175 906 1209 nomine
932 1174 1121 1219 designavi,
1148 1174 1370 1219 subgenerum
1396 1173 1500 1217 magis
1526 1169 1677 1206 affinium
1703 1172 1922 1215 characteres,
1949 1184 2012 1207 no—

243 1237 388 1269 minatim
427 1235 680 1270 Somateriarum
719 1240 752 1268 et
787 1234 1037 1278 Polystictarnm
1073 1232 1178 1267 fusius
1217 1232 1352 1267 eruendi
1392 1237 1499 1267 erunt.
1550 1231 1617 1266 Nec
1654 1232 1752 1266 etiam
1790 1233 2011 1278 subgenerum

242 1297 451 1330 remotiorem
478 1307 552 1330 cum
583 1295 826 1340 Lampronettis
852 1291 1047 1327 affinitatem
1078 1293 1304 1334 offerentium,
1332 1293 1525 1326 nominatim
1552 1292 1766 1327 Hareldarum
1792 1298 1825 1326 et
1851 1292 2012 1336 Phlyaco—

243 1361 422 1397 nettarum,
449 1357 669 1390 accuratiores
696 1352 905 1389 definitiones
931 1353 1044 1387 deesse
1076 1359 1241 1399 poterunt.
1293 1354 1362 1393 Qua
1395 1352 1564 1401 de-causa
1593 1363 1681 1387 nunc
1712 1351 1844 1399 quidem
1869 1352 2013 1386 Thalas-

244 1417 480 1449 sonettinarum
506 1415 682 1450 Divisionis
710 1415 938 1460 Subgenerum
965 1414 1172 1447 characteres
1197 1424 1381 1459 proponere
1408 1413 1516 1446 liceat.

1053 1526 1199 1540 ww>-

1005 1629 1151 1678 CAPUT
1191 1630 1250 1677 111.

681 1722 1576 1765 THALASSONETTINARUM

824 1809 1012 1842 SUBDIVISIUNIS
1032 1809 1184 1843 SUEGENERA
1205 1807 1423 1840 ILLUSTRATA“).

759 1884 793 1918 Α)
831 1879 1095 1910 somata-iae
1126 1891 1173 1908 seu
1204 1878 1495 1915 Brachyurae.

803 1953 825 1987 S
833 1965 854 1987 u
861 1954 881 1987 h
889 1964 912 1998 g
919 1965 936 1987 e
944 1965 965 1987 n
972 1966 994 1987 u
1001 1965 1016 1987 s
1046 1954 1075 1986 1.
1128 1952 1311 1987 Soiifxrenm
1337 1952 1454 1986 Lmen.

944 2021 1119 2053 Clzaractet·
1140 2020 1322 2051 essentialis.

341 2088 494 2122 Rostrum
522 2099 635 2122 versus
661 2087 805 2122 frontem
838 2090 1013 2134 insigniter
1039 2088 1202 2121 elevatum
1229 2083 1505 2133 (suhanserinum)
1533 2083 1633 2118 dorso
1665 2084 1699 2117 in
1723 2081 1869 2116 maribus
1892 2080 2015 2115 adultis

246 2146 417 2188 tumidum,
437 2149 542 2182 antice
563 2148 719 2182 lateribus
740 2149 1082 2193 compressiusculum,
1110 2147 1229 2181 sensim
1248 2151 1461 2191 angustatum
1482 2143 1533 2178 vel
1559 2144 1675 2177 saltem
1696 2153 1810 2188 parum
1831 2140 2014 2175 dilatatum.

320 2273 346 2301 *)
377 2270 537 2307 Subgencris
557 2273 632 2303 novi,
652 2281 666 2297 a
687 2269 777 2304 φλύαξ
798 2270 893 2296 histrio
914 2276 941 2296 et
959 2272 1042 2304 νῆττα
1060 2279 1138 2302 anas,
1158 2268 1285 2302 derivati,
1306 2274 1402 2306 typum
1424 2269 1538 2294 Anatein
1559 2267 1744 2293 histrionicam
1765 2266 1915 2302 proposui,
1937 2265 2016 2290 variis

247 2317 387 2353 hucusque
407 2319 600 2354 subgeneribus
620 2329 665 2344 sen
685 2319 836 2355 generibus,
857 2319 1017 2344 nominatim
1038 2317 1178 2353 Clangulis
1197 2316 1239 2346 vel
1260 2315 1385 2343 Hareldis
1404 2315 1580 2352 adscriptam,
1601 2314 1649 2341 sed
1667 2312 1817 2339 secundum
1838 2314 2017 2342 accuratiores

249 2363 448 2400 disquisitiones
470 2376 517 2392 nec
538 2376 597 2392 cuin
622 2366 771 2402 Clangulis„
792 2376 839 2391 nec
861 2375 922 2392 cuin
944 2365 1069 2391 Hareldis
1091 2365 1187 2399 (Anatc
1207 2363 1310 2400 glaciali
1324 2364 1413 2397 Linn.)
1434 2362 1576 2390 commode
1591 2359 1821 2397 conjungendam,
1840 2370 1924 2396 quum
1940 2360 2017 2385 variis

249 2413 317 2438 nutis
337 2412 451 2439 differat.

302 2464 345 2492 Μ’)
374 2463 426 2495 Qui
451 2461 621 2488 characteres
648 2468 754 2488 nostros
776 2462 937 2497 Subgeneris
958 2460 1116 2492 somam-ia,
1145 2459 1291 2497 Polysticta
1311 2460 1487 2494 (Eniconetta
1508 2458 1593 2494 Gray)
1615 2463 1640 2483 et
1659 2455 1777 2482 Harclda
1803 2465 1863 2481 cuin
1886 2462 2013 2490 generum

248 2510 312 2544 ipsis
342 2509 614 2545 corre-spondentium
640 2512 710 2536 notis
740 2520 753 2535 a
774 2510 864 2546 Grajo
885 2510 911 2534 in
937 2507 1076 2534 Fasciculo
1101 2508 1140 2535 IV
1160 2508 1266 2536 Genera
1290 2507 1322 2533 of
1342 2505 1422 2533 Birds
1442 2505 1511 2547 datis
1536 2505 1629 2531 critice
1657 2512 1814 2540 comparare
1837 2501 1913 2532 velit,
1943 2499 2013 2526 facili

250 2561 365 2597 nogotio,
387 2564 413 2584 ut
435 2564 573 2594 putarem,
594 2559 725 2585 inveniet,
747 2567 789 2582 ine
810 2566 877 2582 nova
897 2555 1040 2583 allatorum
1062 2556 1244 2592 subgenerum
1265 2554 1448 2590 descriptione
1467 2559 1556 2579 actum
1578 2551 1699 2579 laborem
1725 2552 1836 2578 minime
1858 2549 2019 2584 suscepisse.
