2306 3017
1097 172 1304 224 {3143}

310 291 420 336 ptilosi
447 289 585 335 nuptiali
612 287 803 322 indutorum
829 287 991 332 picturam
1017 284 1198 319 admodum
1224 285 1442 330 variegatam,
1475 286 1623 330 quamvis
1656 286 1870 331 peculiarem,
1898 289 2091 323 nominatim

310 350 353 384 ob
381 350 493 394 gulam
519 353 553 382 et
578 353 735 388 mentum,
761 358 823 380 nec
850 357 918 379 non
944 344 1079 379 dorsum
1107 346 1247 378 crissum
1272 349 1305 378 et
1331 343 1468 378 caudam
1490 346 1578 387 atris,
1605 344 1769 379 abdomen
1787 344 1937 386 fuscum,
1963 347 2091 382 caudae

309 406 452 453 figuram
477 413 511 442 et
535 407 656 453 pedum
682 405 870 451 caudaeque
898 405 1045 439 colorem
1072 404 1257 448 Polystictis
1283 405 1352 438 sine
1373 403 1579 438 dubitatione
1599 406 1814 450 approximari
1834 405 1965 440 debent.
2005 406 2087 442 Cum

310 466 459 501 Hareldis
491 467 743 511 Phlyaconettae
774 466 852 499 unci
883 464 1034 498 rostralis
1064 463 1311 509 magnitudine,
1350 463 1473 498 caudae
1506 460 1615 508 figura
1646 469 1681 498 et
1712 464 1958 510 quodammodo
1991 469 2089 501 etiam

308 525 503 560 feminarum
528 532 562 559 et
583 526 755 571 juniorum
788 525 902 559 colore
935 525 1148 558 conveniunt.
1201 523 1317 564 Quoad
1354 524 1454 557 rostri
1484 519 1628 568 figuram
1659 522 1748 570 (unci
1777 526 1889 570 magni
1920 527 2089 561 insterstio

307 587 434 620 narium
461 597 557 620 osseo
584 586 658 631 plus
684 584 785 630 duplo
812 585 937 618 latioris
962 584 1088 617 ratione
1116 582 1276 629 excepta),
1304 582 1486 616 lamellulas
1504 582 1711 617 mandibulae
1732 583 1885 618 distinete
1905 584 2088 628 biseriatas,

307 647 402 679 sicuti
424 646 582 691 ptiloseos
603 643 754 679 frontalis
772 644 900 689 genalis
920 648 953 677 et
972 643 1125 676 mentalis
1144 644 1307 677 rationem
1330 642 1584 686 Phlyaconettae
1603 653 1679 677 cum
1693 642 1872 688 Clangulis‚
1893 647 2086 696 nominatim

309 698 384 739 cum
404 704 563 750 Clangula
584 704 711 739 albeola
729 703 820 738 haud
839 701 1047 737 refutandam
1067 699 1264 736 affinitatem
1291 701 1456 747 praebent.
1496 702 1746 746 Phlyaconettas
1765 708 1884 746 tamen,
1903 701 2083 739 affinitates

309 765 409 801 modo
437 764 586 799 laudatas
612 765 837 809 respicientes,
864 774 932 797 non
958 763 1036 808 ipsis
1063 761 1234 807 Clangulis
1259 761 1366 809 (Grayi
1393 762 1596 807 aliorumque
1622 760 1784 809 exemplo)
1810 763 1862 797 vel
1888 763 2086 808 Polystictis,

308 825 358 858 vel
387 825 573 868 Polystictis
603 829 636 857 et
666 822 818 857 Hareldis
849 822 1066 856 Hareldarum
1097 823 1230 856 nomine
1262 833 1338 856 cum
1370 821 1602 868 Keyserlingio
1634 826 1668 855 et
1699 821 1821 864 Blasio,
1860 824 1912 857 vel
1944 823 2084 871 denique

308 883 468 918 Hareldae
507 884 638 929 glaciali
676 894 752 917 cum
784 883 981 927 Bonapartio
1012 881 1198 916 adscribere
1230 893 1422 927 possumus,
1461 881 1518 915 sed
1544 872 1617 927 *pro
1656 887 1733 927 typo
1764 883 1850 916 inter
1880 882 2084 927 Polystictas,

307 943 464 977 Hareldas
491 948 525 976 et
551 943 729 988 Clangulas
755 941 951 976 intermedio
984 944 1095 987 potius
1122 941 1288 975 declarare
1321 941 1518 979 debeamus,
1558 942 1619 974 nisi
1651 942 1801 975 colorum
1833 941 2020 977 distributio
2050 945 2084 977 in

308 1003 616 1047 Phlyaconettarum
647 1001 776 1036 feminis
809 1001 1013 1036 observanda
1052 1001 1140 1035 haud
1172 1001 1388 1035 recusandam
1427 1000 1674 1035 similitudinem
1707 1012 1783 1035 cum
1821 1001 2084 1045 Melanettarum,

306 1064 500 1096 nominatim
527 1062 701 1107 Fuligulae
728 1060 932 1108 (Oedemiae)
961 1061 1199 1106 perspicillatae
1225 1066 1259 1094 et
1284 1062 1398 1106 nigrae
1430 1066 1464 1094 et
1489 1060 1734 1106 quodammodo
1760 1062 1858 1095 etiam
1890 1073 1964 1095 cum
1990 1062 2084 1096 Fuli-

305 1123 459 1167 gularum
487 1124 693 1169 (nominatim
718 1121 891 1167 Fuligulae
924 1122 1055 1155 marilae
1087 1127 1120 1155 et
1151 1119 1315 1167 cristatae)
1348 1119 1480 1154 feminis
1510 1126 1544 1154 ct
1573 1120 1690 1155 avibus
1716 1121 1906 1167 junioribus
1938 1119 2081 1156 offerret.

306 1181 558 1225 Phlyaconcttae
587 1183 688 1227 igitur
712 1178 931 1215 affinitatibus
957 1181 1097 1215 laudatis
1124 1180 1275 1215 omnibus
1300 1182 1458 1226 respectis
1483 1180 1677 1226 subgeneris
1703 1182 1824 1226 proprii
1851 1186 1962 1226 typum
1986 1193 2084 1227 prae-

306 1241 444 1283 bebunt,
485 1244 590 1287 primo
625 1243 700 1276 loco
733 1241 920 1285 Polystictis
952 1246 986 1274 et
1018 1240 1168 1274 Hareldis
1195 1240 1245 1283 (ll.
1274 1239 1418 1286 glaciali)
1448 1240 1502 1280 gob
1533 1241 1677 1286 plurium
1706 1245 1858 1274 notarum
1882 1244 2082 1287 numerum),

304 1301 408 1335 altero
447 1302 522 1336 loco
555 1301 738 1347 Clangulis‚
779 1303 878 1335 tertio
911 1300 1098 1334 Melanettis
1129 1306 1163 1333 et
1195 1300 1358 1346 Fuligulis
1387 1301 1525 1346 propriis
1555 1297 1704 1342 affinem,
1737 1299 1779 1334 ob
1810 1301 1886 1333 unci
1919 1301 2016 1334 rostri
2048 1306 2081 1334 et

306 1360 430 1394 caudae
470 1362 629 1404 rationem
662 1367 695 1394 et
725 1358 904 1395 affinitates
934 1362 1077 1406 reliquas
1110 1372 1185 1394 cum
1218 1359 1405 1404 Polystictis
1430 1365 1464 1393 et
1493 1360 1644 1394 Hareldis
1670 1361 1698 1393 ei
1725 1371 1917 1394 communes
1940 1359 2083 1394 Thalas-

306 1421 479 1454 sonettinis
504 1422 613 1466 potius
641 1432 739 1466 quam
764 1421 963 1466 Fuligulinis
988 1419 1246 1466 adjungendam,
1273 1419 1331 1458 scd
1356 1431 1375 1453 a
1400 1419 1698 1454 Thalassonettinis
1724 1421 1896 1454 transitum
1921 1419 1963 1454 ad
1988 1419 2080 1454 Fuli-
2117 1461 2119 1463 ι

306 1480 445 1523 gulinas‚
473 1482 665 1514 nominatim
691 1480 732 1515 ad
758 1480 935 1526 Clangulas
961 1485 1138 1525 parantem.

1117 1628 1258 1640 —Qff—

1055 1793 1202 1843 CAPUT
1254 1795 1312 1842 lv.

594 1899 921 1938 FULIGULAE
968 1869 1464 1952 (LAMPRONETTAE)
1511 1898 1773 1938 FlSCHERI

1003 1984 1086 2016 MARIS
1106 1984 1198 2016 ADULTI
1219 1984 1374 2017 DESCRIPTIO,

971 2058 1024 2088 (Cf,
1043 2057 1161 2083 Tabulae
1181 2064 1289 2084 nostrae
1311 2059 1368 2093 Fig.
1388 2058 1419 2088 Ι.)

397 2127 534 2169 Habitus
560 2129 723 2173 generalis
750 2129 860 2174 quoad
892 2126 1034 2174 figuram
1066 2135 1099 2162 et
1129 2124 1277 2175 picturae
1309 2131 1471 2163 rationem
1503 2134 1536 2162 et
1568 2129 1718 2163 colorum
1749 2127 2015 2162 distributionem
2040 2129 2075 2162 in

300 2184 490 2220 universum
518 2183 785 2222 Somateriarum.
824 2188 979 2222 Rostrum
1005 2188 1099 2234 (Tab.
1126 2189 1197 2234 Fig.
1224 2192 1258 2231 1,
1277 2190 1315 2231 2,
1342 2190 1378 2234 3)
1404 2190 1510 2234 magis
1534 2189 1703 2222 anatinum
1728 2187 1771 2221 ad
1795 2188 1936 2221 anserini
1960 2193 2074 2233 typum

301 2257 414 2290 parum
440 2246 620 2288 accedens,
654 2247 881 2292 longitudine,
913 2247 1022 2293 quoad
1049 2250 1199 2294 corporis
1224 2249 1362 2290 molem,
1392 2250 1497 2294 magis
1524 2259 1599 2282 cun]
1625 2253 1734 2282 rostro
1760 2246 1960 2281 Somateriae
1986 2247 2074 2282 mol-

301 2307 450 2348 lissimae,
472 2303 579 2351 figura
600 2310 704 2353 magis
726 2320 801 2342 cum
814 2308 986 2353 Fuligulac
1007 2296 1192 2353 spectabilis
1213 2321 1409 2354 congruum,
1432 2321 1545 2343 versus
1565 2307 1710 2343 frontem
1729 2308 1837 2341 minus
1856 2306 2075 2348 adscendens,

298 2368 424 2411 apicem
445 2378 558 2401 versus
579 2369 631 2400 vix
652 2367 838 2407 dilatatum3
866 2369 899 2401 in
920 2367 1105 2414 Specimine
1125 2374 1239 2404 nostro
1260 2370 1424 2403 exsiccato
1444 2367 1658 2402 ssavissimum
1677 2366 1829 2412 quidem,
1848 2365 2069 2400 madefactum

300 2436 378 2459 vero
405 2427 722 2470 griseo-olivaceum
748 2433 782 2461 et
806 2426 999 2469 flavescens,
1026 2440 1123 2473 quem
1150 2427 1283 2474 quidem
1304 2429 1451 2463 colorem
1476 2430 1509 2462 in
1535 2429 1618 2462 vivis
1637 2426 1832 2462 animalibus
1851 2425 2073 2460 verisimiliter

299 2483 418 2518 habere
445 2484 585 2520 videtur.
626 2485 861 2521 Paratonorum
887 2487 959 2532 ejus
984 2487 1200 2521 maxillarium
1226 2487 1356 2522 modice
1381 2499 1645 2534 compressorum
1670 2487 1835 2531 margines
1859 2485 1967 2519 medio
1991 2485 2070 2518 satis

298 2545 437 2584 arcuati,
466 2546 573 2578 antice
600 2551 633 2578 et
658 2547 784 2591 postice
810 2545 1063 2588 adscendentes,
1088 2547 1188 2582 limbo
1214 2549 1342 2582 interno
1367 2540 1487 2592 quox'ris
1513 2547 1614 2581 latere
1640 2546 1816 2581 lamellulis
1846 2556 1959 2591 parum
1985 2555 2070 2578 con-
