2306 3017
1089 186 1292 238 <ἑὲ12ἓ>

958 297 1038 333 Sub
1046 305 1174 344 genus
1200 300 1232 333 [ι.
1272 297 1436 332 unam.

1002 354 1180 388 Character
1202 355 1383 387 essentialis.

404 425 559 459 Rostrum
589 425 694 469 capite
725 423 836 469 paullo
868 422 1014 464 brevius,
1048 421 1156 468 quoad
1188 422 1428 466 longitudinem
1460 433 1535 456 cum
1572 428 1661 458 tarso
1692 431 1917 470 comparatum
1948 428 2079 462 circiter

305 496 353 518 Ξ
372 486 417 519 20
432 496 440 518 :
458 486 513 523 13,
538 485 645 517 antice
665 493 780 528 parum
800 487 1015 524 attenuatum,
1043 493 1156 516 versus
1175 479 1318 516 frontem
1339 482 1416 515 satis
1436 482 1611 520 elevatum,
1632 495 1716 528 pone
1743 495 1837 518 nares
1863 487 1896 519 in
1922 486 2078 521 lateribus

305 545 418 587 latum,
443 545 520 577 satis
545 554 739 583 convexum,
766 542 857 587 apice
878 552 993 587 parum
1012 547 1229 583 attenuatum,
1256 552 1353 586 supra
1379 552 1493 586 parum
1513 541 1651 584 declive,
1677 554 1762 588 pone
1788 546 1865 578 unci
1884 545 1977 580 basin
1998 547 2078 580 sub-

305 603 504 650 depressum‚
529 608 604 636 ante
625 613 719 635 nares
744 600 788 648 *Ἆῖ
814 601 980 634 interstitii
1006 601 1180 635 oculorum
1206 600 1379 634 latitudine
1407 601 1513 635 latius.
1552 601 1711 636 Paratona
1731 603 1906 638 maxillaria
1928 607 2074 652 margine

304 661 457 698 inferiore
498 662 702 696 subarcuata.
755 660 873 695 Uncus
892 657 991 694 rostri
1022 671 1180 705 magnus,
1214 661 1391 694 interstitio
1425 662 1552 695 narium
1583 673 1678 697 osseo
1716 662 1840 696 mediae
1871 675 1948 698 suae
1976 667 2078 710 partis

303 722 476 758 latitudine
507 719 576 755 fere
609 721 711 766 duplo
743 721 856 757 latior,
888 731 985 765 supra
1018 719 1114 753 valde
1141 731 1327 758 convexus,
1353 721 1445 765 apice
1476 719 1607 755 hamato
1638 721 1861 756 mandibulam
1886 723 2074 770 adpressam

303 783 402 828 longe
420 792 587 827 superans,
611 782 735 827 postice
762 780 919 814 lateribus
938 790 1014 813 cum
1033 784 1266 824 paratonorum
1287 779 1434 825 apicibus
1453 769 1584 814 fortiter
1603 782 1834 827 emarginatus.
1875 783 2073 818 Lamellulae

304 843 484 876 maxillares
509 847 542 875 et
567 840 810 875 mandibulares
835 839 1046 885 majusculae.
1086 838 1301 872 Maxillarium
1334 839 1460 873 mediae
1492 845 1525 873 et
1555 842 1755 885 posteriores
1783 842 1876 876 valde
1903 843 2072 886 distantes,

302 913 414 948 parum
441 911 644 942 numerosae,
671 902 703 933 in
729 900 846 945 quovis
868 899 970 932 lineae
992 900 1097 943 spatio
1123 896 1237 940 binae,'
1247 899 1394 943 apicibus
1414 911 1509 945 supra
1530 899 1651 933 labium
1677 903 1826 946 superius
1852 897 2073 947 prominentes

301 961 508 995 Mandibulae
536 960 720 994 lamellulae
752 960 946 993 uniseriatae
978 959 1010 991 in
1039 957 1248 992 mandibulae
1281 960 1439 993 exteriore
1472 957 1556 993 facie
1588 961 1671 993 serie
1702 962 1799 995 unica
1832 967 1957 996 tantum
1991 974 2074 997 con-

300 1022 448 1066 spicuae;
486 1022 666 1054 anteriores
697 1024 731 1052 et
760 1020 932 1064 praecipue
970 1017 1095 1051 mediae
1128 1027 1254 1059 earum,
1295 1030 1432 1064 quarum
1464 1019 1558 1053 binae
1591 1019 1693 1053 lineae
1726 1022 1866 1065 spatium
1898 1028 2073 1067 occupant,

300 1082 378 1114 satis
404 1078 519 1121 fortes,
546 1080 744 1125 posteriores
760 1079 914 1119 minores,
941 1078 1119 1119 breviores,
1146 1077 1378 1121 confertiores,
1404 1080 1448 1112 ita
1468 1084 1505 1113 ut
1523 1080 1655 1113 circiter
1674 1084 1786 1114 ternae
1807 1081 1909 1115 lineae
1930 1083 2071 1127 spatium

300 1145 478 1185 occupent,
519 1139 577 1173 sed
603 1150 716 1173 omnes
742 1128 985 1172 denticulorum
1013 1136 1117 1171 forma
1142 1149 1240 1183 supra
1270 1138 1478 1172 mandibulae
1505 1139 1686 1184 marginem
1719 1141 1919 1185 superiorem
1945 1143 2070 1187 promi-

299 1204 423 1233 nentes.
473 1198 574 1233 Nares
601 1200 723 1232 calvae.
775 1197 905 1232 Ptilosis
932 1195 1084 1231 frontalis
1111 1203 1143 1231 et
1169 1198 1297 1243 genalis
1323 1196 1512 1240 conssuxae,
1549 1203 1625 1232 ante
1651 1200 1810 1244 angulum
1836 1202 1902 1235 oris
1928 1200 2073 1246 quidem,

298 1257 356 1292 sed
381 1269 466 1304 pone
493 1269 588 1292 nares
612 1258 821 1303 conspicuae.
873 1256 1034 1291 Ptiloseos
1061 1268 1135 1302 pars
1162 1255 1314 1291 frontalis
1339 1257 1566 1300 subtruncata,
1593 1258 1720 1304 genalis
1745 1260 1870 1304 angulo
1896 1258 1963 1294 fere
1990 1260 2071 1294 sul)—

298 1317 433 1364 obliquo
458 1319 566 1352 antice
597 1319 770 1351 terminata
801 1321 835 1350 et
864 1316 906 1350 ad
938 1318 1088 1362 paratoni
1118 1318 1300 1362 marginem
1332 1316 1519 1352 inferiorem
1552 1329 1655 1363 usque
1687 1320 1889 1354 continuata.
1939 1319 2073 1354 Ptilosis

296 1378 447 1411 mentalis
472 1377 626 1422 elongata
651 1377 786 1411 naribus
811 1378 973 1422 opposita.
1026 1376 1173 1410 Palatum
1198 1378 1306 1411 antice
1332 1382 1365 1410 et
1390 1377 1500 1411 medio
1527 1378 1690 1423 glabrum,
1716 1379 1871 1414 lateribus
1899 1380 1948 1414 vix
1966 1390 2073 1426 rugu-

297 1437 418 1479 losum,
446 1438 479 1471 in
505 1438 695 1482 posterioris
720 1438 820 1482 partis
848 1435 958 1470 medio
984 1436 1167 1470 tuberculis
1192 1437 1360 1471 nonnullis
1386 1438 1572 1471 uniseriatis
1598 1437 1778 1472 obsessum.

999 1524 1178 1557 Clzaracter
1200 1526 1368 1558 naturalis.

807 1602 933 1635 (Marium
953 1600 1111 1628 adultorum
1132 1601 1223 1639 ptilosi
1243 1600 1358 1639 nuptiali
1379 1602 1559 1637 indutorum.)

391 1672 546 1707 Rostrum
576 1672 685 1707 medio
711 1674 953 1714 auranfiacum,
987 1672 1055 1706 basi
1086 1678 1119 1706 et
1149 1674 1240 1718 apice
1274 1671 1534 1718 nigro-fuscum.
1585 1673 1766 1708 Oculorum
1798 1675 1940 1709 ambitus
1977 1676 2065 1711 haud

294 1733 452 1772 elevatus,
478 1733 582 1767 albus.
621 1731 725 1777 Caput
748 1738 856 1766 totum
883 1738 916 1765 et
941 1732 1064 1766 collum
1091 1744 1166 1767 cum
1187 1733 1327 1779 jugulo,
1355 1734 1484 1767 macula
1511 1733 1656 1778 oblonga
1682 1732 1775 1768 fusca
1802 1735 1835 1767 in
1861 1735 1938 1769 colli
1966 1736 2069 1770 latere

293 1797 442 1837 excepta,
481 1803 580 1837 porro
611 1791 775 1825 abdomen
801 1796 924 1833 totum,
961 1791 1084 1825 caudae
1112 1789 1249 1825 inferior
1274 1797 1308 1825 et
1337 1792 1481 1826 lateralis
1507 1804 1595 1838 pars,
1632 1804 1694 1827 nec
1723 1804 1790 1827 non
1821 1794 2006 1839 scapulares
2031 1800 2065 1828 et

294 1851 415 1885 caudae
441 1849 576 1885 inferior
600 1856 633 1884 et
659 1852 799 1885 lateralis
826 1862 899 1896 pars
920 1863 1009 1885 cum>
1023 1852 1248 1896 scapularibus
1275 1852 1378 1885 albae.
1431 1852 1564 1894 Pectus,
1596 1851 1747 1894 dorsum,
1777 1853 1850 1886 alae
1876 1853 2065 1899 caudaeque

292 1910 399 1945 media
424 1916 458 1944 et
483 1911 631 1956 superior
657 1909 756 1945 facies
780 1909 1002 1956 fusco-nigra.
1056 1910 1234 1956 Speculum
1259 1912 1346 1945 alare
1373 1911 1461 1945 haud
1489 1911 1691 1945 distinctum.
1743 1911 1845 1946 Pedes
1872 1913 2026 1958 plumbei.

341 2052 502 2097 Species
527 2054 661 2086 unica:
697 2051 851 2097 Fullyula
880 2051 1061 2096 (Harelda)
1084 2052 1242 2097 glacialis
1268 2050 1378 2098 (Anas
1397 2053 1565 2098 glacialis.
1594 2052 1716 2093 Lina).

385 2150 646 2184 OnsssnvArio.
699 2149 858 2184 Hareldae
890 2150 1001 2194 ptilosi
1033 2151 1170 2195 nuptiali
1204 2149 1336 2183 indutae
1367 2150 1518 2184 colorum
1551 2149 1778 2184 distributione
1804 2160 1879 2183 cum
1906 2149 2060 2196 Fuligula

291 2209 604 2254 (Camptorhyncho)
638 2209 809 2244 labradora
836 2214 868 2242 et
895 2208 1009 2254 Mergo
1035 2209 1156 2244 albello
1181 2211 1259 2243 satis
1283 2219 1452 2254 magnam,
1480 2220 1555 2243 cum
1584 2209 1790 2248 Somateriis,
1817 2209 2060 2255 Lampronettis

289 2274 322 2301 et
348 2268 549 2312 Polysuctis,
577 2269 618 2303 ob
644 2274 744 2315 caput
769 2274 802 2302 et
826 2269 975 2313 scapulas
1007 2269 1119 2303 colore
1145 2269 1220 2303 albo
1247 2269 1369 2302 imbuta
1396 2270 1571 2311 minorem,
1599 2280 1673 2303 cum
1700 2268 1864 2314 Fuligulis
1889 2270 2059 2304 nonnullis

289 2326 452 2371 (Fuligula
478 2330 608 2362 cristata
634 2334 668 2361 et
693 2328 818 2372 marila)
851 2334 884 2362 et
915 2327 1083 2373 Clangulis
1115 2340 1246 2373 parvam
1272 2325 1467 2362 affinitatem
1505 2328 1694 2363 ostendunt.
1746 2328 1896 2362 Feminae
1922 2334 1956 2362 et
1980 2340 2058 2363 aves

283 2385 433 2431 juniores
459 2398 534 2421 cum
560 2388 803 2431 Phlyaconettis
833 2393 867 2421 et
892 2388 1079 2421 Melanettis
1111 2389 1284 2433 majorem,
1323 2399 1399 2421 cum
1430 2388 1594 2433 Fuligulis
1626 2389 1830 2433 <praesertim
1861 2387 1896 2422 F.
1924 2390 2056 2422 cristata

287 2450 319 2478 et
345 2446 468 2488 marila)
495 2448 572 2480 satis
597 2458 759 2492 magnam,
788 2459 864 2481 cum
890 2447 1059 2492 Clangulis
1086 2458 1164 2481 vero
1190 2453 1223 2480 et
1249 2447 1372 2492 Mergis
1397 2449 1557 2481 minorem
1582 2446 1692 2492 quoad
1711 2448 1841 2481 colores
1860 2444 2053 2481 affinitatem

286 2502 506 2538 manifestant.
545 2506 653 2540 Rostri
678 2504 955 2545 conformatione,
981 2503 1042 2540 nec
1067 2518 1134 2540 non
1160 2507 1318 2551 ptiloseos
1343 2505 1495 2551 frontalis
1521 2508 1607 2540 inter
1632 2518 1666 2540 se
1693 2504 1918 2541 conssuxarum
1943 2502 2053 2551 figura

287 2563 443 2597 Hareldae
469 2575 544 2598 cum
571 2565 813 2611 Lampronettis
838 2572 871 2600 et
897 2565 1018 2612 quoad*
1033 2571 1176 2600 rostrum
1203 2577 1278 2600 cum
1298 2565 1553 2610 Phlyaconettis,
1582 2566 1756 2600 lamellulis
1776 2564 2056 2599 mandibularihus
