2306 3017
1040 186 1242 238 swa>

528 304 713 349 Digitorum
739 302 939 336 anteriorum
964 301 1084 334 interni
1110 298 1288 345 longitudo
1313 299 1356 334 ad
1382 310 1550 345 unguem.
1582 296 1621 334 1''
1673 297 1729 336 ‹3‘''

615 377 630 396 «
771 372 776 376 ’
824 374 839 394 «
961 359 1061 394 medii
1086 359 1263 405 longitudo
1291 386 1549 394 ........
1576 361 1599 394 2
1667 360 1709 408 72

615 438 629 456 «
826 434 840 453 «
961 421 1083 454 externi
1110 446 1550 455 .............
1577 422 1599 454 2
1665 420 1708 468 ”2

527 487 628 531 Digiti
655 485 773 530 postici
804 480 982 527 longitudo
1014 482 1083 514 sine
1109 491 1222 525 ungue
1250 474 1258 513 ζ
1286 506 1546 514 ........
1672 480 1741 530 71,ίῖ

529 545 686 580 Latitudo
712 544 783 590 ejus
808 544 842 576 in
868 541 978 575 medio
999 566 1546 574 ................
1676 545 1688 576 1

529 605 734 651 Membranae
761 603 832 650 ejus
860 600 1002 636 latitudo
1027 602 1062 634 in
1089 600 1197 635 medio
1216 626 1548 634 ..........
1674 603 1694 636 3

346 668 518 715 Specimen
549 667 683 701 unicum
712 663 895 698 masculum
932 662 1015 695 bene
1045 666 1277 695 conservatum
1308 662 1342 694 in
1373 660 1544 695 Americae
1577 661 1720 696 Borealis
1751 662 1848 697 Sinus
1879 663 2021 699 Nortoni

249 728 392 775 <Nort0n
413 726 519 769 Sund)
539 726 644 760 insula
666 721 819 765 Steffens‚
840 722 1003 757 hodierno
1020 726 1169 766 tempore
1196 719 1249 754 Sti.
1277 720 1447 755 Michaelis
1467 722 1599 755 nomine
1620 721 1804 768 designata,
1824 723 1884 758 sub
1905 722 2018 771 63ὛῖΟ

250 788 431 823 latitudinis
468 788 528 821 sita
568 787 714 821 occisum
753 782 1016 818 Wosnesenskio
1054 780 1221 815 debemus.
1277 780 1465 826 Valdopere
1502 782 1611 827 itaque
1647 782 1827 818 dolendum
1865 781 2019 818 feminam

249 849 357 883 adhuc
383 850 531 894 ignotam
558 857 642 887 esse,
670 850 703 878 et
726 844 903 890 specimina
930 843 1023 888 plura
1049 841 1122 875 aliis
1147 840 1268 874 Museis
1293 841 1566 876 communicanda
1591 842 1762 889 hucusque
1787 855 1856 878 non
1881 849 2017 877 exstare.

249 909 481 954 Lampronetta
507 905 653 940 Fischeri
685 909 831 938 ceterum
862 903 931 935 avis
960 903 1123 935 rarissima
1152 912 1223 934 esse
1248 899 1396 940 videtur,
1426 912 1528 946 quum
1554 901 1727 948 hucusque
1759 902 2021 948 diligentissimis

249 968 331 1002 adeo
359 968 528 1002 Americae
553 965 694 1000 borealis
720 963 972 1007 Ornithologiae
997 960 1182 996 cultoribus
1207 965 1240 994 et
1266 959 1384 1006 Anglis
1411 972 1546 1007 prorsus
1572 963 1686 1008 ignota
1712 964 1914 997 remanserit,

1062 1106 1209 1121 ψ-

1017 1259 1164 1308 CAPUT
1210 1259 1251 1306 V.

499 1378 570 1416 DE
606 1376 933 1417 FULIGULAE
967 1375 1467 1428 (LAMPRONETTAE)
1504 1374 1774 1415 FISCHERI

815 1471 1018 1506 AFFINITATIBUS
1043 1470 1289 1504 ANIMADVERSIGNES
1315 1471 1442 1508 ssUAEDAM.

344 1561 463 1595 Habitu
490 1561 645 1606 generali,
671 1561 863 1594 nominatim
889 1558 1010 1605 pedum
1035 1563 1069 1592 et
1094 1557 1275 1603 digitorum
1299 1558 1428 1592 ratione
1454 1562 1487 1591 et
1512 1559 1703 1603 praesertim
1728 1557 1879 1592 colorum
1906 1558 2019 1593 distri—

247 1621 381 1656 butione
418 1620 605 1666 Fuligulam
636 1620 780 1655 Fischeri
820 1630 972 1665 magnam
1003 1615 1199 1652 affinitatem
1231 1629 1307 1652 cum
1338 1617 1491 1662 Fuligula
1525 1616 1655 1651 Stelleri
1688 1622 1722 1651 et
1752 1618 1911 1663 imprimis
1941 1630 2017 1652 cum

247 1681 399 1726 Fuligula
425 1681 614 1714 mollissima
639 1685 672 1713 et
697 1679 866 1725 spectabili
893 1676 1010 1714 offerre
1037 1689 1134 1724 supra
1159 1676 1292 1723 quidem
1311 1678 1408 1711 variis
1434 1677 1517 1711 locis
1536 1676 1762 1711 indicavimus.
1805 1677 1877 1718 Quo
1898 1678 2018 1712 clarius

247 1746 356 1775 autem
382 1740 611 1774 similitudines
638 1736 844 1786 (affinitates)
877 1744 909 1773 et
940 1735 1143 1773 differentiae
1176 1739 1260 1771 inter
1294 1738 1420 1783 species
1452 1736 1552 1771 modo
1585 1742 1857 1771 commemoratas
1882 1743 1915 1770 et
1940 1738 2019 1771 alias

247 1801 422 1836 nonnullas
448 1798 670 1834 observandae
695 1796 863 1845 patefiant,
890 1809 994 1844 pauca
1020 1797 1130 1832 adhuc
1156 1796 1309 1832 addenda
1334 1802 1440 1831 erunt.

348 1860 500 1905 Fuligula
525 1859 671 1893 Fischeri
698 1860 804 1904 capite
829 1858 904 1892 albo
931 1856 1026 1891 viridi
1058 1862 1092 1891 et
1119 1863 1190 1891 atro
1216 1858 1323 1903 picto,
1362 1868 1462 1903 porro
1495 1857 1600 1898 collo,
1637 1868 1699 1890 nec
1727 1868 1794 1891 non
1827 1856 2018 1891 tectricibus

247 1920 369 1954 alarum
406 1918 587 1953 minoribus
625 1924 658 1952 et
694 1918 810 1952 mediis
840 1917 988 1952 candidis
1018 1929 1093 1952 cum
1125 1916 1297 1963 speciebus
1326 1916 1432 1951 trihus
1463 1918 1728 1951 commemoratis
1759 1918 1792 1950 in
1828 1918 2018 1950 universum

247 1981 411 2013 convenit.
449 1978 543 2013 Unco
570 1980 667 2013 rostri
694 1980 798 2023 magis
822 1978 954 2012 hamato
973 1983 1006 2011 et
1031 1977 1270 2012 lamellularum
1295 1976 1510 2010 maxillarium
1530 1981 1563 2010 et
1582 1976 1857 2011 mandibularium
1878 1978 2015 2018 ratione,

246 2050 346 2084 porro
370 2039 506 2072 maculis
531 2036 841 2083 suprasemoralibus
867 2038 966 2077 albis,
1000 2038 1125 2084 speculi
1150 2037 1248 2070 alaris
1273 2036 1515 2071 sericeo-nitidi
1540 2036 1704 2079 absentia,
1737 2036 1826 2071 dorsi
1852 2037 2015 2070 anteriore

246 2104 279 2131 et
304 2098 411 2132 media
436 2102 526 2143 parte
552 2097 649 2139 albis,
682 2099 777 2131 sicuti
805 2097 928 2132 caudae
953 2097 1062 2131 brevis
1087 2098 1193 2142 magis
1219 2095 1398 2141 quadratae
1424 2092 1531 2141 figura
1557 2101 1666 2130 autem
1692 2101 1805 2141 aperto
1830 2094 1872 2129 ad
1899 2094 2014 2130 Soma-

245 2159 341 2192 tcrias
370 2158 517 2203 proprias
550 2156 750 2203 (Fuligulam
782 2158 1005 2192 mollissimam
1026 2154 1070 2191 'et
1101 2154 1324 2203 spectabilem)
1356 2155 1511 2201 Fuligula
1543 2154 1689 2190 Fischeri
1720 2156 1855 2201 propius
1885 2154 2015 2188 accedit

245 2224 278 2251 et
303 2230 321 2251 a
347 2217 500 2263 Fuligula
527 2217 654 2251 Stelleri
682 2214 802 2251 differt.
835 2216 930 2252 Notis
956 2223 1103 2252 ceterum
1127 2216 1292 2263 pluribus,
1317 2217 1414 2250 sicuti
1440 2215 1573 2250 naribus
1599 2226 1696 2261 supra
1721 2216 1835 2261 pennis
1861 2214 2014 2255 obtectis,

247 2278 355 2323 ptilosi
382 2276 514 2311 frontali
541 2282 574 2311 et
599 2278 706 2322 genali
736 2276 830 2311 valde
855 2278 998 2311 evolutis
1023 2283 1056 2311 et
1082 2275 1253 2318 conllmds,
1279 2277 1377 2310 rostri
1403 2272 1523 2321 figura,
1550 2275 1656 2310 oculis
1681 2275 1865 2308 eminentiis
1890 2286 2015 2320 penna-

247 2338 312 2370 ceis
348 2338 463 2370 cinctis
494 2337 628 2382 aliisque
661 2338 747 2370 notis
785 2337 978 2382 subgeneris
1010 2337 1264 2382 Lamproncttae
1296 2335 1520 2369 characterem
1551 2334 1829 2369 constituentibus
1860 2333 2014 2379 Fuligula

247 2396 392 2430 Fischeri
421 2408 438 2429 a
464 2396 616 2441 Fuligula
649 2397 854 2438 mollissima,
892 2396 1063 2442 spectabili
1088 2402 1121 2430 et
1146 2395 1277 2430 Stelleri
1304 2394 1524 2429 diversissima
1549 2395 1725 2440 invenitur.
1750 2403 1758 2407 ·

348 2454 565 2490 Nihilominus
590 2461 709 2497 tamen,
737 2468 854 2501 quum,
881 2462 919 2490 ut
937 2467 1035 2502 supra
1054 2455 1362 2494 demonstravimus,
1390 2454 1543 2500 Fuligula
1560 2453 1707 2487 Fischeri
1727 2454 1841 2500 majori
1862 2460 2013 2488 notarum

248 2526 383 2549 numero
408 2515 450 2549 ad
475 2515 661 2561 Fuligulam
687 2516 910 2550 mollissimam
935 2522 969 2550 et
1000 2516 1210 2562 spectabilem
1236 2514 1372 2549 accedat
1402 2515 1503 2559 longe
1533 2513 1692 2559 majorem
1717 2510 1911 2547 affinitatem
1938 2524 2012 2546 cum

249 2575 338 2608 hisce
363 2574 542 2620 speciebus,
569 2587 664 2620 quam
686 2586 761 2609 cum
788 2575 815 2607 F
819 2576 943 2621 uligula
972 2575 1103 2610 Stelleri
1131 2575 1307 2621 praebebit.
