2337 3043
979 208 1184 260 <ἓξ15ἓέ>

197 325 290 360 fertis
315 324 467 365 35—37‚
493 332 590 366 supra
616 321 722 366 ipsum
748 322 927 365 marginem
953 318 1141 354 inferiorem
1166 323 1399 364 paratonorum
1424 329 1462 351 ex
1488 323 1578 362 parte
1599 317 1844 352 denticulorum
1864 321 1962 352 mini-

197 396 326 420 morum
343 381 450 417 forma
469 379 729 426 prominentibus
751 378 806 414 (cf.
827 379 908 414 Tab.
928 377 987 425 fig.
1004 382 1022 413 li
1037 379 1068 424 α)
1094 380 1128 412 in
1153 379 1258 412 lineae
1278 378 1380 422 spatio
1399 377 1484 410 binis
1506 378 1668 411 instructi.
1708 376 1849 412 Dorsum
1867 380 1965 412 rostri

198 443 354 479 lateribus
372 440 503 475 modice
523 449 715 480 convexum,
736 438 844 474 medio
865 438 1066 484 depressum,
1081 439 1171 483 apice
1191 436 1320 471 modice
1334 433 1505 470 deflexum.
1537 435 1649 470 Uncus
1671 437 1804 481 apicalis
1818 437 1965 471 maxillae

198 505 324 549 apicem
348 506 458 535 totum
483 509 668 544 occupans,
705 499 882 532 interstitio
914 499 1015 532 nasali
1048 509 1125 532 oseo
1156 496 1262 530 multo
1295 496 1407 537 latior,
1434 497 1580 540 margine
1607 493 1761 529 inferiore
1787 496 1966 530 rotundato

198 574 256 598 ore
292 561 406 595 clauso
444 558 573 594 modice
611 569 708 603 supra
741 557 963 591 mandibulam
993 558 1195 602 prominens,
1235 557 1268 588 in
1299 555 1455 599 marginis
1487 555 1630 588 lateralis
1661 556 1842 599 posteriore
1876 561 1966 600 parte

199 622 315 656 leviter
340 620 477 653 excisus.
528 617 661 652 Narium
692 622 862 662 aperturae
893 618 971 650 satis
1003 627 1136 662 parvae,
1174 617 1206 648 in
1233 614 1340 648 medio
1372 615 1505 647 circiter
1534 615 1633 647 rostri
1661 615 1868 659 incipientes,
1908 614 1967 647 sed

198 682 361 728 paulisper
374 685 449 714 ante
468 678 612 712 medium
631 683 818 711 antrorsum
837 677 1019 722 elongatae,
1034 682 1124 722 parte
1144 677 1306 710 anteriore
1327 680 1360 708 et
1380 673 1533 709 inferiore
1553 680 1739 709 antrorsum
1760 680 1794 708 et
1811 674 1965 709 deorsum

198 741 328 787 patulae
359 745 392 773 et
422 737 546 780 nudae,
583 736 689 771 media
720 742 767 770 et·
784 738 964 781 posteriore
996 736 1147 781 pennulis
1177 735 1332 769 brevibus
1365 746 1381 768 e
1414 735 1523 779 ptilosi
1561 731 1696 768 frontali
1728 733 1968 779 prodeuntibus

197 805 321 839 tectae3
347 805 384 833 ut
410 800 442 832 in
468 797 630 832 Anatibus
655 801 689 830 et
715 795 911 837 Anseribus,
949 796 1046 830 rostri
1073 794 1173 829 dorso
1200 795 1304 828 multo
1330 795 1434 839 magis
1459 804 1557 838 quam
1583 798 1817 838 paratonorum
1842 795 1968 839 margi-

197 859 294 894 nibus
319 857 527 892 inferioribus
551 856 801 902 approximatae.
854 854 1043 888 Mandibula
1075 854 1186 900 paullo
1217 855 1321 898 magis
1347 865 1443 898 quam
1475 853 1506 885 in
1534 852 1725 886 Somateriis
1756 853 1911 897 elongata
1936 859 1969 886 et

197 918 410 959 subcurvata,
449 917 567 962 pagina
593 920 722 948 externa
747 919 890 955 tantum,
930 925 998 948 non
1030 915 1127 947 etiam
1159 915 1306 958 margine
1339 913 1521 958 superiore,
1555 911 1729 945 lamellulis
1753 913 1884 945 circiter
1913 914 1969 953 50,

197 977 428 1018 mediocribus,
449 975 645 1016 misenatis,
666 975 744 1008 satis
762 971 920 1008 confertis
947 973 1041 1020 (Tab.
1056 973 1128 1017 Fig.
1152 972 1198 1017 3),
1218 983 1314 1017 supra
1338 971 1544 1005 mandibulae
1564 971 1747 1016 marginem
1767 972 1968 1016 superiorem

196 1036 440 1071 denticulorum
466 1036 674 1068 minimorum
706 1032 810 1068 forma
838 1033 1097 1078 prominentibus
1130 1032 1224 1079 (Tab.
1252 1032 1324 1077 Fig.
1354 1033 1384 1064 712.
1412 1031 1460 1075 b),
1493 1032 1525 1064 in
1551 1032 1643 1076 apice
1674 1030 1881 1064 mandibulae
1910 1030 1971 1064 de-

197 1093 385 1131 ficientibus
410 1096 580 1128 instructa.
619 1093 827 1128 Mandibulae
853 1105 932 1137 apex
959 1090 1076 1138 (myxa)
1102 1092 1290 1133 latiuscula,
1319 1089 1402 1124 infra
1429 1102 1543 1136 parum
1569 1102 1724 1125 convexa.
1762 1089 1868 1124 Frons
1889 1095 1968 1131 tota,

196 1167 259 1190 nec
283 1166 351 1189 non
371 1165 474 1200 genae
495 1159 529 1187 et
553 1156 651 1188 rostri
670 1153 809 1186 laterum
836 1151 1096 1197 (parato-norum)
1125 1153 1275 1196 superius
1296 1150 1467 1184 dimidium
1494 1150 1533 1183 ab
1553 1151 1618 1183 oris
1638 1150 1761 1194 angulo
1780 1148 1822 1182 ad
1842 1150 1970 1183 narium

195 1216 340 1249 anterius
367 1213 538 1248 dimidium
568 1224 671 1258 usque
698 1212 849 1257 pennulis
880 1211 1050 1253 brevibus,
1084 1212 1231 1252 sericeis,
1266 1208 1532 1251 confertissimis,
1563 1208 1759 1254 subrigidis,
1791 1214 1970 1243 retrorsum

197 1275 421 1321 vergentibus,
448 1286 545 1320 supra
571 1285 665 1308 nares
691 1272 868 1318 depressis,
896 1273 929 1305 in
957 1283 1114 1318 genarum
1140 1271 1296 1305 lateribus
1321 1276 1353 1304 et
1379 1268 1499 1304 frontis
1525 1271 1692 1315 superiore
1718 1274 1809 1314 parte
1836 1269 1971 1302 elevatis

196 1336 340 1370 obsessa.
393 1334 520 1368 Pennae
553 1334 586 1367 in
618 1332 737 1368 frontis
768 1337 801 1365 et
833 1343 991 1378 genarum
1022 1333 1185 1366 anteriore
1218 1336 1307 1376 parte
1334 1330 1442 1371 albae,
1484 1329 1578 1363 viridi
1611 1330 1684 1374 plus
1710 1330 1859 1362 minusve
1887 1329 1971 1361 laete

197 1395 249 1428 vel
275 1393 409 1428 sordide
435 1394 574 1431 lavatae,
601 1394 634 1426 in
661 1403 820 1438 genarum
845 1393 1026 1437 posteriore
1052 1396 1085 1424 et
1110 1389 1230 1425 frontis
1256 1389 1362 1423 media
1388 1394 1477 1434 parte
1498 1390 1686 1422 tenuissime
1708 1393 1741 1421 et
1760 1387 1970 1433 pallidissime

197 1451 526 1487 subfusco-aurantio
553 1453 722 1486 irroratae.
774 1450 905 1485 Ptilosis
931 1449 1083 1484 frontalis
1106 1449 1335 1494 triangularis,
1362 1449 1510 1493 margine
1537 1446 1647 1481 antico
1674 1445 1925 1486 subroumdato,
1953 1458 1969 1478 e

197 1513 348 1558 pennulis
379 1512 581 1546 brevissimis
611 1513 796 1556 composito
829 1522 924 1556 supra
963 1515 1038 1543 ante
1070 1520 1166 1543 nares
1196 1509 1397 1554 prominens.
1450 1507 1577 1541 Pennae
1609 1507 1783 1541 oculorum
1814 1505 1973 1539 ambitum

197 1578 398 1618 occupantes
424 1571 671 1613 breviusculae,
698 1571 908 1612 substrictae,
936 1569 1156 1610 densissimae,
1184 1569 1337 1610 sericeae,
1362 1568 1572 1601 eminentiam
1597 1566 1801 1611 hexagonam
1823 1565 1874 1598 vel
1895 1564 1975 1598 sub-

196 1637 433 1677 pentagonam‚
474 1630 703 1672 rotundatam,
745 1642 828 1676 pone
861 1630 1035 1664 oculorum
1067 1628 1225 1662 canthum
1257 1629 1472 1672 posteriorem
1504 1632 1536 1660 et
1567 1624 1650 1659 infra
1678 1626 1795 1660 oculos
1821 1625 1973 1657 latiorem

197 1696 272 1724 ante
293 1691 427 1725 oculum
446 1692 683 1736 angustiorem,
709 1702 726 1724 a
748 1688 855 1724 fronte
876 1700 989 1723 versus
1010 1691 1145 1734 occiput
1164 1699 1222 1733 per
1241 1687 1375 1721 oculum
1397 1686 1590 1727 dimensam,
1616 1685 1813 1719 diametrum
1846 1679 1882 1716 l''
1906 1686 1924 1715 ῖι
1940 1680 1970 1723 '',

195 1762 212 1784 a
239 1753 387 1796 margine
420 1752 586 1797 superiore
618 1761 732 1784 versus
765 1755 951 1795 temporum
985 1754 1018 1782 et
1049 1759 1207 1794 genarum
1240 1745 1428 1780 inferiorem
1461 1750 1584 1791 partem
1623 1740 1661 1778 1⁰
1694 1740 1747 1777 1'''
1778 1743 1971 1777 diametrum

197 1806 389 1851 offerentem
417 1811 633 1844 constituunt.
687 1810 888 1843 Eminentiae
915 1808 1014 1842 modo
1042 1807 1224 1852 descriptae
1252 1817 1325 1851 pars
1352 1806 1507 1839 centralis
1533 1804 1659 1845 albida,
1685 1803 1743 1837 sed
1770 1802 1976 1836 suscescente

195 1875 230 1903 et
253 1867 440 1903 rufescente
466 1871 617 1904 aurantio
643 1869 829 1915 subpallido
856 1869 939 1902 laete
966 1869 1103 1902 irrorata
1130 1871 1273 1912 apparet.
1322 1865 1521 1899 Eminentiae
1548 1875 1621 1909 pars
1647 1863 1837 1908 marginalis
1858 1866 1972 1896 contra

200 1929 335 1963 limbum
372 1940 441 1963 non
472 1940 599 1975 semper
635 1928 866 1970 rotundatum,
898 1927 956 1962 scd
987 1928 1070 1961 locis
1102 1926 1240 1971 singulis
1272 1927 1350 1959 satis
1380 1925 1589 1970 angulatum,
1627 1929 1752 1960 atrum,
1785 1923 1816 1955 in
1854 1919 1973 1961 fronte,

198 1990 390 2033 praesertim
416 1989 449 2022 in
474 1988 579 2022 media
604 1994 637 2022 et
662 1990 829 2034 superiore
857 1993 947 2033 parte
973 1987 1044 2032 ejus
1069 1987 1218 2020 latiorem
1246 1980 1389 2031 (2—3‘''
1420 1985 1544 2027 latum),
1571 1984 1678 2016 antice
1705 1987 1737 2015 et
1762 1992 1863 2027 prope
1892 1986 1975 2013 tem-

199 2059 278 2092 pora
310 2049 536 2093 angustiorem
570 2044 639 2094 <lm
670 2050 797 2090 latam),
837 2050 869 2081 in
902 2048 1049 2092 margine
1084 2045 1239 2080 inferiore
1272 2050 1381 2078 autem
1407 2045 1676 2088 angustissinmm
1710 2030 1742 2074 et
1773 2042 1878 2075 antice
1906 2038 1972 2072 sere

199 2106 386 2142 obsoletum
412 2109 516 2150 sistit,
541 2110 596 2153 qui
624 2120 641 2141 e
668 2109 848 2153 posteriore
876 2105 1030 2141 inferiore
1057 2106 1180 2151 angulo
1208 2106 1326 2139 lineam
1355 2103 1602 2148 subobliquam,
1628 2107 1731 2135 atram
1759 2101 1791 2132 in
1816 2099 1974 2144 pliloseos

199 2168 388 2211 temporalis
426 2169 555 2203 sulcum
587 2169 724 2211 emittit,
767 2170 914 2213 margine
945 2168 1108 2201 anteriore
1141 2177 1220 2200 vero
1253 2166 1337 2198 linea
1369 2168 1517 2204 arcuata,
1550 2161 1795 2196 candidissima,
1835 2163 1974 2203 angusta

197 2228 401 2262 terminatur.
453 2228 585 2263 Frontis
619 2230 782 2274 posterior
814 2240 887 2274 pars
918 2234 952 2262 et
982 2225 1311 2261 vertex'suhsordide
1344 2224 1434 2265 alba,
1466 2221 1731 2256 fusco-aurantio
1763 2218 1972 2264 pallidissime

198 2286 321 2326 lavata,
349 2286 392 2320 ob
418 2289 628 2322 eminentiam
656 2288 773 2322 oculos
799 2288 1013 2329 ambientem,
1044 2291 1201 2331 angusta,
1233 2285 1395 2330 depressa.
1448 2282 1589 2326 Occiput
1622 2279 1750 2314 modice
1777 2288 1970 2313 convexum,

199 2356 274 2378 cum
307 2346 436 2379 cervice
463 2346 546 2381 laete
578 2346 699 2388 viride,
726 2346 785 2380 sed
816 2344 974 2380 [lavicans
1005 2352 1038 2379 et
1068 2345 1332 2379 sericeo-nitens.
1378 2342 1543 2387 Tempora
1575 2344 1664 2385 parte
1697 2336 1848 2372 inferiore
1882 2337 1975 2370 sulco

201 2405 359 2450 ptiloseos
384 2406 542 2450 impresso
572 2408 707 2446 lineari,
746 2406 963 2451 subobliquo,
1004 2406 1044 2439 ab
1076 2405 1200 2449 angulo
1233 2405 1413 2449 posteriore
1445 2399 1598 2434 inferiore
1631 2399 1823 2432 eminentiae
1858 2396 1974 2430 oculos

199 2464 361 2497 ambiente
388 2466 549 2510 originem
573 2466 733 2508 ducente,
766 2466 897 2510 oblique
926 2476 1039 2498 versus
1071 2464 1194 2498 collum
1221 2469 1253 2496 et
1279 2464 1440 2496 cervicem
1468 2460 1595 2494 directo
1623 2459 1655 2491 in
1682 2456 1810 2495 medio,
1846 2461 1883 2489 ut
1903 2455 1971 2500 jam

200 2525 395 2564 notavimus,
420 2530 492 2558 atro
517 2530 629 2559 notata
656 2526 915 2570 conspiciuntur.
967 2524 998 2558 A
1024 2525 1117 2568 genis
1143 2534 1257 2556 versus
1283 2523 1444 2555 cervicem
1470 2525 1503 2553 et
1528 2518 1604 2553 colli
1632 2517 1743 2550 lateris
1770 2516 1976 2561 superiorem

200 2589 335 2629 partem,
361 2583 421 2617 sub
447 2584 621 2617 eminentia
647 2596 813 2629 pennacea
840 2584 957 2618 oculos
983 2583 1157 2624 ambiente,
1183 2593 1258 2615 area.
1278 2581 1449 2614 laetissime
1476 2591 1493 2612 e
1517 2577 1827 2612 subcoerulescente
1850 2573 1973 2608 viridi-2,
