2306 3017
1082 167 1286 219 <ἓ1οἓἒ>

301 279 431 316 sortiter
457 277 584 314 deflexi.
636 279 750 313 Uncus
775 279 909 325 apicalis
940 290 1056 325 parum
1082 291 1264 322 convexus,
1296 279 1578 327 depressiusculus
1607 292 1703 326 supra
1735 266 1922 327 adpre‘ssam
1948 283 2078 317 mandi-

300 340 411 375 bulam
442 340 600 384 marginis
630 340 708 373 satis
744 339 869 381 brevis,
904 338 1073 373 rotundati
1108 337 1214 374 forma
1245 340 1445 385 prominens.
1497 338 1644 374 Maxillae
1676 341 1860 375 lamellulae
1894 341 2078 378 mediocres

301 411 414 445 parum
434 397 601 433 confertae
622 400 655 432 in
681 399 784 433 lineae
804 400 908 444 spatio
934 399 1039 432 binae.
1080 398 1288 433 Mandibulae
1315 399 1498 432 lamellulae
1525 399 1719 438 mediocres,
1745 403 1823 435 satis
1849 399 2017 436 consertae
2044 403 2077 435 in

302 460 405 494 lineae
444 460 549 505 spatio
586 464 707 493 ternae.
765 457 867 492 Nares
905 470 1002 504 supra
1040 464 1130 504 parte
1167 459 1349 504 posteriore
1388 459 1595 503 potissimum
1633 462 1747 505 pennis
1783 461 1938 495 brevibus
1977 461 2077 496 dense

301 524 419 554 tectae.
459 519 590 553 Ptilosis
616 519 741 564 genalis
768 523 801 552 et
826 517 978 553 frontalis
1002 515 1185 560 conssuxae,
1211 529 1320 552 aream
1340 518 1575 562 triangularem
1593 530 1689 564 supra
1715 525 1858 555 rostrum
1878 518 2075 560 formantes3

300 577 451 614 frontalis
484 581 517 612 in
542 578 642 613 dorso
668 580 765 613 rostri
797 590 889 612 areae
921 578 1210 622 subtriangulariS,
1249 577 1307 611 sed
1339 589 1356 611 a
1388 578 1498 623 ptilosi
1531 578 1639 622 genali
1672 590 1740 613 non
1770 580 1938 626 sejunctae
1969 579 2077 615 forma

301 649 399 684 supra
425 644 458 672 et
482 638 564 672 adeo
592 639 754 684 paulisper
778 643 853 672 ante
879 649 974 671 nares
999 638 1194 682 conspicua;
1234 638 1359 683 genalis
1385 639 1506 682 pariter
1531 638 1742 682 triangularis
1773 638 1858 673 infra
1885 651 1981 685 supra
2007 652 2077 673 ma-

301 699 394 732 xillae
421 696 609 732 inferiorem
636 699 817 743 marginem
848 696 973 731 nudum
1000 697 1084 731 linea
1112 697 1245 742 obliqua
1271 702 1440 739 truncata,
1471 699 1516 730 ita
1547 702 1584 731 ut
1608 699 1756 743 paratoni
1783 710 1856 743 pars
1882 699 1969 733 nuda
1996 699 2076 733 sub-

298 758 413 803 jacens
438 763 533 792 acute
560 758 771 803 triangularis
796 762 961 803 appareat.
994 756 1125 802 Digitus
1151 762 1304 790 externus
1331 756 1440 790 medio
1468 756 1677 802 longitudine
1703 758 1857 803 aequalis.

1004 857 1179 888 Clzaracter
1204 857 1370 888 naturalis.

895 923 995 956 (Mares
1015 921 1100 948 adulti
1120 921 1212 959 ptilosi
1233 921 1349 958 nuptiali
1370 921 1478 955 induti.)

395 994 560 1035 Rostrum,
582 999 619 1026 ut
640 992 779 1035 videtur,
799 993 993 1027 subsordide
1014 994 1066 1027 vel
1087 992 1336 1027 cinerascente‘?
1363 993 1556 1036 olivaceum,
1578 992 1636 1027 sed
1656 990 1848 1035 flavescens,
1876 995 2075 1028 exsiccatum

301 1051 525 1087 ssavissimum.
552 1052 647 1087 Oculi
668 1054 806 1086 marium
825 1052 1014 1088 adultorum
1029 1054 1140 1098 ptilosi
1159 1053 1297 1098 nuptiali
1316 1052 1508 1087 indutorum
1525 1055 1559 1086 in
1578 1054 1760 1087 elevatione
1785 1065 1802 1087 e
1820 1055 1935 1099 pennis
1950 1053 2077 1087 densis-

300 1114 398 1154 simis,
418 1113 594 1154 reclinatis,
616 1112 780 1154 brevibus,
800 1112 1024 1158 subrigidnlis‚
1045 1114 1175 1147 sericeis
1188 1111 1338 1154 formata,
1360 1112 1603 1157 subhoxagona,
1623 1112 1682 1146 sed
1697 1112 1936 1147 subrotundata
1954 1112 2077 1154 albida,

299 1171 431 1206 sordide
451 1173 600 1206 aurantio
625 1164 759 1206 irrorata
780 1172 946 1214 latissima,
973 1172 1073 1206 limbo
1094 1178 1177 1214 atro,
1203 1177 1293 1217 parte
1314 1169 1470 1206 inferiore
1491 1173 1725 1217 angustissimo
1745 1183 1781 1205 ex
1802 1177 1891 1217 parte
1914 1171 2076 1214 obsoleto,

299 1233 466 1277 superiore
491 1242 569 1265 vero
590 1230 727 1265 dilatato
752 1233 851 1265 cincti
878 1233 1091 1266 inveniuntur
1111 1244 1216 1278 eoque
1237 1233 1329 1277 quasi
1357 1232 1545 1277 perspicillo
1567 1233 1720 1265 instructi
1740 1237 1907 1277 apparent.
1946 1231 2077 1266 Ptilosis

298 1288 450 1325 frontalis
469 1296 502 1325 et
520 1292 646 1336 genalis
659 1291 762 1333 albae,
783 1291 903 1336 pallide
919 1291 1014 1325 viridi
1034 1298 1066 1326 et
1079 1304 1176 1337 supra
1192 1291 1325 1326 sordide
1338 1293 1488 1326 aurantio
1503 1293 1672 1326 irroratae.
1700 1290 1782 1325 Gula
1795 1292 1894 1325 maris
1909 1296 1977 1325 tota
1990 1290 2075 1333 alba,

300 1352 351 1384 vix
376 1352 564 1392 tenuissime
590 1348 757 1384 ssavicans.
791 1351 919 1393 Pectus,
941 1351 1099 1397 jugulum
1125 1357 1158 1385 et
1184 1357 1292 1385 totum
1318 1350 1481 1385 abdomen
1507 1351 1579 1397 ejus
1604 1363 1621 1385 e
1648 1349 1918 1385 suhfuscescente
1944 1356 1977 1384 et
1996 1350 2077 1384 sub-

298 1412 481 1455 nigricante
509 1412 615 1456 grisea
642 1410 793 1444 colorum
822 1412 977 1444 varietate
1006 1412 1107 1456 igitm·
1132 1411 1222 1445 haud
1249 1411 1388 1444 diversa.
1440 1410 1581 1445 Dorsum
1607 1416 1697 1456 parte
1724 1412 1886 1445 anteriore
1912 1415 1945 1443 et
1970 1409 2075 1444 media

300 1469 427 1510 album,
454 1471 634 1515 posteriore
661 1482 677 1503 e
698 1468 905 1504 fuscescente
933 1472 1109 1505 cinereum.
1149 1471 1300 1516 Remiges
1326 1472 1496 1516 primariae
1521 1469 1760 1516 fusco-nigrae.
1800 1469 1902 1504 Pedes
1927 1471 2075 1511 olivacei,

299 1526 386 1564 ssavo
413 1530 545 1571 imbuti,
573 1529 752 1564 admodum
779 1531 885 1576 magis
916 1531 1031 1564 saltem
1061 1542 1158 1576 quam
1184 1532 1217 1564 in
1245 1530 1453 1572 Somateriis,
1479 1531 1612 1564 reversi.

245 1664 260 1668 ”“
299 1658 482 1704 Species:
524 1659 678 1705 Fuliyula
705 1660 969 1705 (Lampronettoe)
1001 1661 1152 1695 Fischer-i
1175 1661 1251 1695 Nor.
1273 1660 1383 1707 Spec„
1413 1661 1508 1706 cujus
1531 1661 1791 1707 Descriptionem
1813 1660 1895 1695 infra
1916 1661 2077 1695 dabimus.

396 1767 661 1802 Osssnnvario.
705 1770 749 1803 De
781 1769 955 1814 Fuligulae
985 1770 1263 1815 x>Inampronetlae)
1299 1769 1444 1804 Fischeri
1473 1767 1697 1815 'affinitatibus
1723 1771 1756 1804 in
1789 1771 1894 1815 capite
1922 1771 2076 1816 peculiari

297 1824 404 1860 fusius
434 1829 571 1872 egimus.

865 1901 895 1931 B)
935 1895 1145 1925 Hal-oldae
1171 1908 1219 1924 seu
1244 1895 1506 1925 Mam-outae.

658 1968 873 2013 Subgenus
907 1970 938 2002 3.
991 1969 1185 2003 Pomsmm
1218 1969 1352 2011 Emoa,
1379 1968 1554 2002 STELLemA
1586 1969 1700 2003 Borma.

994 2047 1168 2079 Charucter
1191 2048 1364 2079 essentialis

398 2122 553 2156 Rostrum
579 2128 668 2157 tarso
694 2124 798 2158 multo
825 2125 969 2169 longius,
997 2126 1095 2170 capiti
1121 2123 1189 2158 fere
1215 2124 1410 2170 subaequale
1438 2125 1489 2158 vel
1517 2125 1627 2169 paullo
1655 2125 1801 2166 brevius,
1828 2124 1937 2169 quoad
1964 2125 2078 2170 longi-

300 2180 449 2214 tudinem
470 2193 544 2215 cum
563 2188 652 2216 tarso
674 2188 897 2228 comparatum
919 2186 1050 2217 circiter
1075 2196 1120 2216 Ξ
1142 2185 1183 2217 ‘21
1204 2197 1210 2216 z
1233 2187 1283 2226 15,
1311 2196 1423 2217 versus
1444 2181 1736 2218 f1·ont‹÷11{moilice
1757 2185 1934 2226 elevatum,
1953 2187 2075 2226 antice,

302 2240 343 2273 ol)
369 2242 548 2285 marginem
575 2240 763 2276 inferiorem
791 2243 991 2277 maxillarum
1018 2245 1118 2288 partis
1152 2244 1294 2276 lateralis
1325 2241 1480 2277 inflexum
1509 2249 1541 2276 et
1568 2245 1776 2289 impressum,
1803 2250 2031 2289 angustatum,
2057 2256 2074 2277 a

301 2299 368 2332 basi
396 2311 509 2334 versus
540 2302 665 2346 apicem
698 2303 817 2335 sensim
843 2302 986 2344 declive,
1019 2309 1092 2336 ante
1121 2304 1195 2336 unci
1218 2303 1309 2336 basin
1348 2305 1398 2336 vix
1428 2302 1470 2349 ¹s‘2
1499 2304 1672 2337 oculorum
1698 2304 1864 2335 interstitii
1892 2302 2074 2336 latitudinis

302 2370 357 2391 sua
385 2359 556 2393 latitudine
581 2372 734 2405 aequans.
767 2360 924 2395 Paratona
952 2363 1129 2396 inaxillaria
1155 2363 1302 2407 margine
1329 2360 1483 2396 inferiore.
1510 2363 1723 2403 subm-vata,
1753 2374 1865 2396 versus
1890 2364 2014 2408 apicem
2042 2364 2073 2394 in

302 2418 534 2462 speciminibus
558 2421 654 2453 siccis
680 2421 795 2454 saltem
823 2423 971 2455 intracta.
1024 2421 1135 2455 Uncus
1167 2422 1358 2463 latissimus,
1398 2434 1494 2467 supra
1526 2433 1638 2467 parum
1671 2433 1853 2463 convexus,
1892 2433 1988 2467 supra
2013 2419 2074 2454 ad—

300 2488 444 2522 pressam
469 2478 690 2513 mandibulam
718 2481 768 2513 vix
795 2483 952 2526 marginis
977 2481 1085 2514 brevis
1112 2482 1264 2522 truncati,
1293 2481 1351 2514 sed
1376 2481 1545 2515 rotundati
1573 2479 1677 2515 forma
1703 2483 1900 2527 prominens.
1939 2480 2074 2513 Lamel-

299 2536 383 2570 lulae
422 2538 602 2572 maxillares
639 2544 672 2572 et
709 2539 951 2574 mandibulares
989 2540 1171 2575 mediocres
1205 2541 1256 2574 vel
1295 2540 1378 2574 adeo
1411 2540 1601 2586 su‘bparvae.
1655 2541 1853 2575 Lamellulae
1886 2539 2072 2573 maxillares
