2337 3043
1011 193 1216 244 <ἓῚΞξ>

673 362 676 365 .
995 315 1142 365 CAPUT
1188 317 1231 364 Π.

458 397 528 435 DE
572 397 1133 439 THALAssoNETTlle
1174 400 1323 440 NovA
1368 400 1775 440 FUL1GULARUM

942 483 1053 515 GENERIS
1078 483 1262 516 SUBDIVISIUNE.

329 544 693 580 Thalassonettinarum
720 548 850 581 nomine
877 546 1060 582 secundum
1085 558 1173 582 meas
1198 548 1443 582 observationes
1473 559 1578 593 nuper
1602 549 1635 581 in
1660 547 1774 582 Museo
1799 547 1994 583 Academiae

231 604 528 639 Lamellirostrium
559 605 729 651 speciebus
760 606 922 641 ditissimo
954 608 1121 641 institutas
1153 606 1326 642 commode
1358 607 1591 652 comprehendi
1623 619 1717 653 posse
1744 606 1897 642 videntur
1922 608 1994 641 illae

232 662 461 709 Fuligularum
487 666 618 709 generis
643 665 893 708 subdivisiones,
920 678 1000 712 quas
1024 668 1225 701 recentiores
1250 672 1385 700 naturae
1411 671 1610 701 scrutatores
1629 667 1817 701 nominibus
1837 668 1996 712 genericis

232 722 499 767 Somateriarum‚
534 724 784 769 Polystictarum
810 725 1047 766 (Stelleriarum
1073 737 1131 759 seu
1151 724 1432 772 Eniconettarum)
1458 731 1491 759 et
1510 725 1722 759 Hareldarum
1745 732 1996 771 proposuerunt.

231 783 541 818 Thalassonettinas
571 786 689 819 vocavi
721 784 914 819 divisionem
946 796 1066 819 novam
1097 797 1168 819 eam
1206 785 1248 819 oh
1280 796 1428 826 causam,
1466 785 1556 830 quod
1586 787 1710 831 species
1740 797 1853 819 omnes
1884 787 1914 818 ei
1945 787 1997 818 in-

230 843 389 878 serendae
415 856 489 881 oras
513 845 691 883 maritimas
715 844 874 879 habitent.
925 844 1232 878 Thalassonettinae
1257 849 1353 878 notas
1378 855 1460 889 quae
1485 850 1666 890 sequuntur
1691 842 1844 879 offerunt.

330 904 485 938 Rostrum
517 916 630 939 versus
666 906 793 949 apicem
822 905 1012 950 plerumque
1044 910 1249 938 attenuatum
1281 905 1333 937 vel
1364 904 1479 937 saltem
1511 905 1562 937 vix
1600 904 1787 946 dilatatum,
1826 904 1997 939 latitudine

229 970 308 998 ante
338 975 434 998 nares
459 964 553 1011 juxta
584 966 660 998 unci
691 964 783 998 basin
814 964 965 998 desumta
996 965 1128 998 circiter
1157 963 1199 1010 Ἄ
1231 965 1396 997 interstitii
1428 964 1601 998 oculorum
1632 964 1814 997 latitudinis
1844 976 1996 1009 aequans.

235 1024 348 1060 Uncus
378 1026 475 1059 rostri
500 1026 658 1058 maximus
686 1025 737 1058 vel
769 1035 924 1068 magnus,
965 1025 1066 1069 apicis
1097 1025 1195 1057 rostri
1226 1024 1407 1068 marginem
1436 1024 1633 1057 anteriorem
1663 1029 1771 1058 totum
1802 1024 1852 1058 vel
1883 1025 1997 1058 saltem

234 1083 303 1119 fere
327 1090 434 1119 totum
460 1086 675 1126 constituens,
703 1085 878 1118 interstitio
904 1085 1031 1118 narium
1059 1095 1154 1118 osseo
1180 1094 1307 1128 semper
1331 1082 1447 1124 multo,
1473 1094 1568 1128 saepe
1595 1082 1696 1128 duplo
1720 1083 1827 1117 latior.
1866 1083 1998 1118 Narium

232 1149 405 1190 aperturae
435 1134 505 1178 fere
536 1145 570 1177 in
600 1143 710 1178 medio
741 1145 840 1178 rostri
866 1143 918 1178 vel
949 1145 1051 1189 ipsius
1075 1143 1144 1177 basi
1170 1144 1350 1188 propiores.
1402 1142 1549 1176 Maxillae
1588 1142 1768 1176 lamellulae
1806 1142 1998 1185 mediocres,

235 1204 308 1250 plus
333 1205 481 1247 minusve
506 1215 711 1245 numerosae,
737 1205 844 1238 antice
871 1215 955 1249 pone
976 1215 1099 1237 uncum
1119 1200 1311 1236 deficientes
1331 1203 1383 1236 vel
1404 1203 1519 1236 saltem
1538 1203 1687 1235 minimae
1708 1208 1740 1235 et
1759 1203 1833 1247 plus
1851 1204 1999 1237 minusve

233 1263 414 1298 obsoletae.
465 1262 673 1298 Mandibulae
700 1263 884 1297 lamellulae
910 1262 1138 1308 magnitudine
1163 1261 1362 1303 mediocres,
1395 1263 1472 1295 satis
1497 1260 1682 1304 confertae,
1709 1262 1899 1308 plerumque
1924 1265 2001 1297 uni-

233 1323 370 1357 seriatae
397 1328 431 1357 et
450 1324 483 1357 in
508 1321 655 1358 faciebus
686 1323 875 1357 lateralibus
906 1321 1114 1356 mandibulae
1139 1327 1268 1356 tantum
1294 1323 1337 1355 ita
1364 1323 1579 1367 conspicuae,
1615 1327 1653 1355 ut
1684 1322 1866 1356 lamellulae
1899 1324 1921 1356 2
1948 1323 1999 1356 vel

235 1383 273 1426 3,
298 1385 403 1417 rarius
436 1385 456 1417 lv
488 1383 592 1417 lineae
618 1382 757 1429 spatiu'm
789 1388 964 1428 occupent.
1015 1381 1098 1416 Alae
1135 1381 1319 1416 mediocres
1350 1382 1404 1415 vel
1435 1381 1661 1415 breviusculae
1692 1382 1838 1427 apicibus
1877 1382 2000 1416 caudae

234 1442 328 1476 basin
365 1444 556 1489 plerumque
588 1449 796 1489 superantes,
833 1444 957 1489 remige
995 1444 1099 1489 prima
1130 1447 1164 1475 et
1201 1441 1345 1476 secunda
1376 1440 1579 1486 aequalibus,
1616 1441 1749 1486 reliquis
1785 1441 2000 1487 longioribus,

234 1502 401 1537 Rectrices
429 1506 482 1537 lli.

331 1562 595 1597 Onsssnvwrio.
623 1563 930 1597 Thalassonettinae
950 1564 1028 1597 unci
1047 1563 1196 1596 rostralis
1215 1560 1442 1607 magnitudine
1456 1560 1609 1601 Anseres,
1630 1566 1663 1593 et
1682 1572 1719 1594 ex
1738 1566 1828 1606 parte
1847 1560 2000 1603 Cairinas,

235 1620 494 1668 Dendrocygnas
519 1627 552 1656 et
577 1622 708 1667 Cygnos
733 1624 766 1656 in
791 1625 981 1656 memoriam
1007 1627 1175 1657 revocant.

330 1682 638 1716 Thalassonettinae
671 1682 779 1716 denuo
815 1684 848 1715 in
879 1682 961 1716 duas
992 1682 1236 1716 subdivisiones
1270 1683 1302 1715 in
1341 1681 1371 1726 a)
1404 1679 1615 1723 brachymus
1646 1692 1703 1714 seu
1733 1679 1935 1714 Somaterlas
1964 1686 1997 1714 et

233 1738 267 1786 b)
298 1752 489 1776 macram-as
515 1754 571 1776 seu
598 1742 766 1776 Hareldas
791 1742 936 1788 disjungi
963 1747 1112 1788 possunt.

770 1863 798 1893 a)
831 1857 1095 1888 som-ateriae
1116 1869 1165 1887 seu
1185 1857 1475 1894 Brachyurae.

333 1918 443 1954 Gauda
469 1920 627 1966 quadrata
654 1921 706 1955 vel
733 1921 949 1963 suhcuneata,
976 1920 1232 1963 subrotundata,
1258 1925 1329 1955 tota
1354 1920 1430 1954 inde
1461 1932 1479 1954 a
1505 1921 1680 1954 rectricum
1707 1920 1833 1964 origine
1860 1917 2003 1952 dimensa

235 1985 323 2014 tarso
356 1979 457 2025 duplo
488 1980 678 2026 plerumque
720 1980 928 2026 longitudine
968 1981 1112 2026 aequalis
1143 1986 1176 2015 et
1212 1982 1343 2015 circiter
1371 1980 1414 2028 73
1452 1981 1559 2014 trunci
1598 1978 1815 2024 longitudinis
1852 1988 2003 2022 aequans.

236 2038 383 2073 Palatum
416 2040 567 2084 glabrum
603 2040 875 2075 etuherculatum.
927 2040 1061 2074 Narium
1098 2046 1271 2086 aperturae
1307 2042 1339 2073 in
1371 2041 1468 2074 rostri
1508 2039 1616 2073 medio
1649 2039 1701 2072 vel
1732 2038 1894 2083 paulisper
1930 2042 2004 2070 ante

239 2098 383 2133 medium
410 2099 537 2133 obviae.
555 2121 591 2124 ‹—-
626 2100 778 2145 Remiges
803 2100 1014 2135 secundariae
1041 2101 1189 2134 internae
1213 2102 1418 2134 acuminatae
1445 2101 1477 2133 in
1504 2099 1647 2132 maribus
1673 2104 1707 2131 et
1731 2095 1860 2131 feminis
1884 2095 2005 2130 adultis

233 2169 364 2205 semper
389 2158 482 2194 falcis
507 2158 613 2194 forma
638 2165 821 2195 extrorsum
851 2165 885 2194 et
915 2160 1070 2195 deorsum
1103 2172 1199 2206 supra
1237 2161 1378 2205 remiges
1410 2160 1576 2205 primarias
1602 2163 1635 2191 et
1661 2156 1925 2191 secundariarum
1950 2167 2006 2189 ex-

236 2222 403 2253 ternarum
429 2221 538 2265 apices
564 2225 729 2253 curvatae.
1820 2236 1840 2245 κ

287 2276 345 2322 αα)
373 2277 549 2324 Subgenus
575 2278 757 2314 Somateria
783 2299 831 2305 —
856 2280 910 2324 bb)
937 2279 1112 2325 Subgenus
1138 2279 1369 2325 Lampronetta
1395 2279 1471 2313 nob.

525 2398 552 2431 b)
581 2394 791 2425 ssaPeldae
816 2408 863 2424 seu
883 2395 1145 2425 maeroul'ae.
1168 2401 1276 2433 (Genus
1298 2399 1415 2425 Harelda
1436 2397 1562 2434 Rcyserl.
1585 2401 1612 2423 et
1633 2397 1716 2429 Blas.)

336 2455 447 2491 Gauda
473 2459 799 2504 cuneato-elongata,
826 2460 1023 2500 acutissima,
1050 2464 1139 2493 tarso
1166 2460 1300 2492 circiter
1322 2459 1419 2504 triplo
1440 2458 1491 2491 vel
1517 2457 1591 2502 plus
1616 2456 1715 2501 triplo
1737 2455 1880 2500 longior,
1898 2454 2006 2487 trunci

241 2517 373 2550 circiter
399 2515 525 2550 dimidii
549 2517 751 2563 longitudini
777 2518 938 2563 aequalis,
979 2518 1030 2552 vel
1061 2518 1205 2563 longior.
1256 2518 1401 2552 Palatum
1432 2517 1621 2562 plerumque
1649 2518 1682 2549 in
1711 2514 1868 2548 lateribus
1892 2513 2010 2547 subru-

237 2575 404 2621 gulosum,
431 2577 465 2609 in
490 2578 679 2622 posterioris
704 2579 805 2623 partis
831 2577 940 2612 medio
966 2577 1149 2613 tuberculis
1172 2578 1340 2612 nonnullis
1359 2578 1563 2611 uni-seriatis
1584 2576 1751 2610 obsessum
1772 2574 1824 2608 vel
1847 2573 2007 2619 glabrum.
