2337 3043
986 215 1193 267 {3133}

204 326 389 360 uniseriatis
414 334 492 358 vero
518 335 594 358 cum
613 322 812 365 Somateriis,
839 324 1079 370 Lampronettis
1098 333 1131 361 et
1155 327 1398 373 quodammodo
1424 331 1522 364 etiam
1547 342 1623 365 cum
1650 330 1846 375 Polystictis,
1873 338 1969 371 rostri

203 396 291 420 unco
316 385 454 419 maximo
480 389 589 417 autem
607 394 683 417 cum
704 382 919 418 divisionibus
939 386 1044 420 tribus
1063 387 1163 422 modo
1184 387 1324 421 laudatis
1341 394 1374 421 et
1393 400 1468 422 cum
1489 389 1730 434 Phlyaconettis
1755 395 1967 430 conveniunt.

202 444 272 486 Qua
297 443 336 479 de
361 454 457 478 causa
484 444 582 477 etiam
608 443 650 476 ob
678 442 801 476 caudae
822 445 980 478 rationem
1002 450 1035 478 et
1053 448 1178 480 narium
1202 448 1300 480 situm
1325 449 1430 492 magis
1449 448 1592 482 basalem
1618 449 1805 494 Polystictis
1830 452 1967 499 adjungi

201 509 236 538 et
271 503 313 538 ob
350 502 531 537 lamellulas
560 501 801 536 mandibulares
832 504 1026 538 uniseriatas
1061 510 1094 538 et
1125 505 1432 549 Phlyaconettarum
1471 519 1546 542 cum
1578 508 1748 554 Clangulis
1783 507 1964 546 affinitates

201 562 341 610 majores
367 561 610 606 Phlyaconettis
635 562 791 607 anteponi
817 561 948 597 debent.

751 669 774 704 S
782 670 830 704 ub
838 681 883 716 ge
890 682 911 704 n
918 683 941 705 u
949 683 964 705 s
991 674 1021 705 5.
1068 672 1316 708 Pflmcomm
1341 687 1413 710 Non.

893 737 1068 772 character
1089 742 1272 773 essentialis.

292 806 447 840 Rostrum
467 804 660 838 brevissium
680 809 769 839 tarso
790 804 999 850 longitudine
1017 806 1227 852 subaequale,
1240 809 1373 842 circiter
1387 808 1435 856 ²s‘3
1448 810 1564 855 capitis
1578 809 1797 855 longitudinis
1811 822 1966 857 aequans,

195 877 309 900 versus
334 866 458 910 apicem
484 865 604 898 sensim
629 869 852 909 angustatum,
879 875 994 899 versus
1013 863 1155 900 frontem
1174 866 1304 901 modice
1325 868 1506 911 elevatum,
1534 880 1618 914 pone
1639 881 1735 904 nares
1754 871 1788 904 in
1809 871 1965 906 lateribus

192 927 271 960 satis
297 935 528 970 compressum.
569 923 726 957 Paratona
752 924 929 958 maxillaria
954 926 1102 970 margine
1127 925 1281 960 inferiore
1308 927 1513 962 subarcuata.
1554 928 1665 963 Uncus
1690 931 1790 964 rostri
1813 941 1964 975 magnus,

192 986 367 1019 interstitio
388 984 513 1018 narium
535 994 629 1017 osseo
654 982 819 1028 subduplo
845 984 953 1025 latior,
978 996 1076 1029 supra
1101 997 1282 1027 convexus,
1310 998 1407 1032 supra
1432 987 1655 1022 mandibulam
1680 988 1768 1022 hami
1794 989 1963 1023 rotundati

192 1044 378 1084 mediocris,
398 1043 552 1078 lateribus
572 1054 686 1088 parum
706 1044 899 1088 emarginati
913 1041 1019 1077 forma
1040 1046 1239 1089 prominens.
1265 1045 1464 1080 Lamellulae
1478 1047 1661 1081 maxillares
1674 1053 1707 1081 et
1720 1048 1963 1083 mandibulares

192 1104 386 1139 mediocres.
418 1103 616 1136 Lamellulae
637 1103 819 1136 maxillares
844 1104 922 1136 satis
942 1102 1109 1138 consertae
1134 1109 1168 1138 et
1192 1115 1395 1147 numerosae,
1421 1106 1647 1152 subobliquae,
1673 1109 1707 1141 in
1733 1108 1836 1142 lineae
1856 1110 1962 1153 spatio

191 1164 377 1201 subternae,
394 1161 519 1196 mediae
538 1167 572 1196 et
590 1163 788 1207 posteriores
807 1173 918 1196 earum
937 1163 1083 1208 apicibus
1097 1175 1211 1209 parum
1230 1165 1463 1209 prominentes.
1496 1166 1697 1201 Lamellulae
1718 1167 1961 1202 mandibulares

189 1223 344 1258 distincte
370 1221 558 1263 biseriatae‚
592 1223 625 1255 in
656 1222 759 1255 lineae
791 1223 897 1267 spatio
931 1228 1043 1257 ternae
1070 1224 1121 1257 vel
1153 1229 1346 1269 quaternae,
1384 1226 1466 1258 serie
1498 1237 1564 1259 una
1594 1238 1611 1260 e
1643 1226 1820 1260 lamellulis
1852 1228 1961 1272 parvis

190 1285 224 1318 in
248 1283 352 1316 lineae
378 1282 483 1326 spatio
515 1282 682 1327 quaternis
708 1282 891 1326 composita
921 1283 1110 1327 marginali,
1142 1284 1325 1328 marginem
1356 1286 1557 1330 superiorem
1583 1284 1754 1320 dentatum
1780 1282 1960 1325 efficiente,

147 1329 150 1334 ⁸
188 1343 290 1377 altera
316 1353 332 1375 e
360 1341 535 1375 lamellulis
561 1342 639 1374 satis
666 1340 831 1383 brevibus,
858 1341 917 1375 sed
941 1342 1131 1388 majusculis
1157 1344 1189 1376 in
1218 1344 1321 1377 lineae
1348 1345 1453 1389 spatio
1478 1346 1581 1378 ternis
1605 1342 1746 1379 formata
1771 1347 1803 1379 in
1827 1345 1959 1380 mandi-

186 1402 283 1436 bulae
309 1402 469 1435 exteriore
495 1399 577 1434 facie
605 1400 712 1434 obvia.
763 1400 894 1435 Ptilosis
920 1399 1069 1436 frontalis
1093 1402 1219 1444 brevis,
1252 1404 1463 1448 triangularis
1492 1415 1510 1437 a
1536 1405 1645 1451 genali
1672 1405 1858 1439 semilunari
1883 1410 1959 1438 ante

186 1463 253 1497 oris
290 1461 449 1507 angulum
487 1471 602 1506 parum
639 1459 816 1494 excedente
857 1462 962 1505 spatio
1002 1462 1194 1507 triangulari
1234 1461 1411 1507 disjuncta.
1462 1462 1611 1497 Palatum
1640 1465 1748 1498 antice
1780 1470 1813 1498 et
1848 1463 1958 1498 medio

185 1522 348 1568 glabrum,
374 1520 529 1554 lateribus
553 1520 748 1565 rugulosum
776 1525 810 1554 et
834 1522 867 1554 in
893 1522 1082 1565 posterioris
1107 1523 1208 1567 partis
1233 1521 1343 1556 medio
1369 1522 1550 1557 tuberculis
1569 1523 1669 1565 binis,
1697 1525 1883 1558 uniseriatis
1909 1525 1962 1557 in-

184 1587 357 1615 structum.

893 1636 1070 1669 Character
1091 1639 1257 1670 naturalis.

696 1691 823 1724 (Marium
845 1691 1003 1719 adultorum
1023 1691 1115 1729 ptilosi
1134 1692 1248 1730 nuptiali
1269 1692 1450 1729 indutorum.)

280 1763 434 1796 Rostrum
461 1763 655 1797 olivaceum.
706 1762 802 1796 Oculi
829 1765 862 1796 in
888 1775 962 1797 area
994 1764 1103 1808 nigra,
1136 1775 1203 1798 non
1234 1765 1361 1798 elevata
1387 1765 1487 1798 obvii.
1538 1763 1622 1798 Gula
1648 1767 1745 1799 maris
1776 1776 1851 1798 cum
1877 1765 1954 1797 stria

182 1823 327 1867 oblonga
354 1824 469 1868 capitis
494 1821 636 1856 mediam
661 1827 786 1867 partem
818 1828 1017 1868 occupante,
1050 1823 1143 1865 albo,
1177 1828 1209 1856 et
1240 1825 1366 1869 postice
1398 1825 1472 1858 albo
1498 1829 1531 1858 et
1555 1821 1747 1869 ferrugineo
1772 1825 1954 1865 terminata,

181 1893 280 1927 porro
321 1883 436 1927 capitis
472 1882 574 1916 latera
611 1887 645 1915 et
681 1882 804 1916 collum
838 1888 923 1924 atra,
963 1881 1198 1925 fuscescentia,
1239 1895 1335 1928 supra
1366 1884 1624 1918 coerulescentia
1660 1889 1693 1917 et
1730 1884 1953 1917 violascentia.

181 1941 323 1975 Crissum
350 1952 424 1975 cum
451 1941 574 1975 caudae
601 1941 793 1976 tectricibus
818 1948 852 1975 et
877 1943 1056 1987 uropygio,
1084 1954 1145 1977 nec
1171 1954 1238 1977 non
1265 1942 1354 1977 dorsi
1379 1944 1562 1989 posteriore
1583 1949 1673 1989 parte
1692 1944 1854 1985 aterrima,
1882 1944 1954 1977 vio—

179 2001 347 2035 lascentia.
387 2000 495 2035 Genae
522 2000 641 2036 frontis
667 2007 700 2035 et
726 1995 858 2036 verticis
884 2003 999 2040 latera,
1026 2008 1160 2048 torques
1178 1995 1344 2048 jugulum*
1362 2008 1395 2036 et
1420 2004 1635 2048 semitorques
1662 2008 1778 2048 pectus
1804 2004 1952 2047 cingens,

179 2071 277 2104 porro
303 2061 430 2095 macula
455 2060 632 2095 rotundata
660 2073 745 2107 pone
777 2073 888 2096 aurem
914 2068 946 2095 et
973 2063 1005 2095 in
1037 2063 1131 2096 crissi
1158 2064 1277 2107 quovis
1303 2063 1418 2104 latere,
1457 2074 1518 2096 nec
1549 2074 1617 2097 non
1648 2063 1776 2096 macula
1808 2062 1951 2107 oblonga

179 2120 212 2152 in
244 2111 373 2154 cervice
403 2126 436 2154 et
465 2121 622 2166 scapuliS‚
660 2123 758 2156 sicuti
788 2123 885 2155 striae
914 2123 964 2155 vel
996 2122 1143 2156 maculae
1181 2133 1309 2167 sparsae
1342 2123 1374 2155 in
1403 2122 1595 2156 tectricibus
1623 2123 1749 2156 alarum
1780 2121 1950 2156 candidae.

176 2179 294 2214 Pectus
319 2191 395 2214 cum
425 2179 514 2214 dorsi
540 2182 702 2215 anteriore
727 2187 818 2227 parte
845 2187 878 2215 et
902 2182 1247 2221 tectricibusalarmn
1278 2182 1460 2216 minoribus
1490 2181 1736 2216 coerulescente
1767 2179 1951 2215 ersusces-

175 2245 270 2273 cente
306 2240 482 2274 cinereum.
534 2239 709 2274 Abdomen
745 2239 1041 2275 cinereo-fuscum.
1094 2241 1426 2286 Hypochondriorum
1463 2241 1569 2274 media
1607 2246 1640 2274 et
1676 2242 1839 2286 posterior
1876 2251 1951 2285 pars

175 2304 356 2332 castaneae.
383 2298 536 2345 Remiges
562 2305 595 2333 et
616 2301 771 2334 rectrices
797 2299 1039 2345 fusco-nigrae.
1068 2300 1246 2346 Speculum
1274 2301 1360 2334 alare
1386 2301 1583 2338 violaceum,
1609 2300 1773 2338 nitidum,
1798 2300 1875 2333 albo
1904 2306 1934 2333 et

175 2360 271 2404 nigro
298 2359 517 2393 terminatum.
570 2358 672 2393 Pedes
698 2361 980 2405 griseo-olivacei.

222 2459 389 2506 Species
414 2461 556 2494 unica:
595 2461 751 2508 Fuliyttla
780 2461 1050 2509 (Phlyaconetta)
1078 2462 1285 2497 histrionica.
1314 2461 1424 2508 (Anas
1450 2462 1643 2497 laiso-ionica
1670 2462 1783 2509 Linn.)

267 2529 530 2565 Onsnnvsrio.
568 2531 822 2576 Phlyaconettae
848 2533 891 2567 ob
916 2535 1014 2568 rostri
1042 2544 1129 2567 unco
1153 2544 1287 2578 magno,
1314 2532 1445 2567 modice
1471 2533 1603 2566 hamato
1628 2533 1780 2566 instructi
1801 2521 1942 2578 liguram

170 2595 204 2625 et
229 2590 386 2631 colorem,
411 2594 510 2634 porro
537 2590 579 2624 ob
606 2592 764 2635 ptiloseos
791 2591 951 2635 frontalis,
978 2593 1106 2638 genalis
1131 2598 1165 2626 et
1189 2593 1340 2626 mentalis
1364 2593 1538 2633 rationem,
1564 2602 1626 2625 nec
1652 2602 1719 2626 non
1745 2591 1788 2626 ob
1809 2592 1943 2625 marium
